1954 2779
707 254 999 299 Benedictio
1033 255 1238 301 Mensae.

301 368 463 414 Tunc
497 368 633 414 dicto
672 368 736 412 ab
770 380 872 413 uno
906 380 931 412 e

253 429 471 477 Clericis
488 428 789 475 astantibus,
806 428 938 475 Con-

249 489 419 538 fiteor.
437 490 690 539 Sacerdos
707 489 801 536 dic,
834 487 930 535 Mi-

250 551 497 610 sereatur,
523 566 581 599 ac
605 549 810 597 deinde:
956 562 959 581 1

360 629 563 676 ominus
583 637 759 677 noster
780 628 817 677 J
819 642 934 675 esus
958 628 961 633 “

377 700 628 760 ChristuS,
648 699 815 747 Filius
832 698 932 746 Dei
958 720 961 725 ,

250 771 377 830 vivi,
402 771 492 831 qui
514 770 665 818 beato
688 769 842 816 Petro
867 769 935 816 A·
959 782 962 799 1

250 840 458 903 postolo
467 854 563 904 spuo
575 840 713 888 dedit
720 838 936 900 potesta·

251 919 355 958 tem
366 903 563 971 ligandi
574 918 727 971 atque
737 909 938 956 solven-

248 982 317 1042 di,
340 995 435 1043 per
468 993 612 1027 suam
645 979 930 1041 piissimam

247 1049 655 1099 misericordiam
718 1048 933 1110 recipiat

250 1119 627 1169 confessionem
671 1127 813 1167 tuam
827 1156 839 1180 ‚
887 1128 933 1166 et
960 1162 961 1177 ,

252 1191 487 1239 restituat
510 1190 607 1238 tibi
629 1190 813 1237 stolam
835 1190 936 1252 pri-
960 1188 961 1201 ¹

256 1275 404 1320 mam,
419 1274 572 1321 quam
589 1261 644 1308 in
656 1260 934 1322 baptisma-

251 1340 301 1379 te
317 1331 582 1394 recepisti:
598 1339 646 1378 et
664 1344 758 1393 ego
777 1330 936 1378 facul·
960 1324 961 1363 ἶ

251 1404 356 1458 tate
387 1402 515 1450 mihi
547 1402 613 1450 ab
645 1401 931 1462 apostolica
960 1439 961 1468 3

252 1473 373 1521 sede
401 1471 618 1532 tributa,
664 1471 934 1534 indulgen·
960 1481 961 1488 ¹

258 1543 381 1591 tiam
398 1541 682 1608 plentiriam
700 1549 749 1589 et
762 1542 937 1589 remis·
960 1603 961 1606 Ἴ

252 1613 450 1661 sionem
461 1613 690 1661 omnium
705 1612 935 1674 peccato·
960 1665 963 1672 ‚

254 1698 369 1731 rum
383 1684 481 1732 tibi
497 1683 740 1732 concedo,
763 1682 827 1729 In
843 1682 933 1729 no·
960 1695 961 1740 j

252 1753 391 1800 mine
404 1753 658 1811 Patris-1«,
674 1759 722 1799 et
733 1752 871 1810 Filii,
886 1760 934 1798 et
960 1743 961 1754 ¹

254 1820 481 1882 Spiritus
504 1821 682 1868 sancti.
718 1822 896 1870 Amen.

322 1898 422 1946 Per
467 1897 790 1946 sacrosancta
842 1899 934 1946 hu-

249 1970 418 2017 manae
451 1968 790 2030 reparationis
822 1982 930 2030 my-
958 2001 962 2025 1

251 2040 423 2099 steria,
435 2038 660 2087 remittat
672 2039 767 2087 tibi
777 2039 934 2088 omni·
958 2033 961 2098 Ι

1540 251 1665 311 [129]

993 372 1177 426 potens
1191 363 1335 414 Deus
1350 378 1465 411 omn
1473 377 1527 410 es
1542 377 1670 424 prae-

992 434 1153 482 sentis
1167 442 1215 481 et
1232 432 1419 482 futurae
1436 434 1557 481 vitae
1569 448 1673 495 poe-

991 519 1098 566 ιιειε,
1116 504 1344 568 paradisi
1361 511 1538 565 portas
1552 504 1671 565 ape-

991 576 1105 635 riat,
1124 584 1172 623 et
1194 575 1259 623 ad
1276 573 1461 636 gaudia
1484 574 1671 635 sempi-

992 645 1136 694 terna
1159 645 1420 707 perducat.
1455 645 1637 693 Amen.

1050 715 1334 764 Benedicat
1364 724 1412 763 te
1440 714 1673 776 omnipof

992 794 1103 834 tens
1136 786 1281 839 Deus
1312 786 1467 834 Pater
1486 794 1538 845 »Β
1569 821 1582 845 ,
1623 792 1672 830 et

993 855 1184 915 Filius»,
1218 863 1266 902 et
1299 855 1523 917 Spiritus
1556 868 1670 903 san-

993 933 1123 979 ctus,
1150 927 1336 979 Amen.

1056 998 1110 1046 Si
1165 1011 1282 1043 vero
1331 998 1560 1045 infirmus
1607 1000 1670 1045 sit

992 1058 1117 1104 adeo
1139 1059 1290 1117 morti
1316 1060 1595 1119 proximus,
1617 1069 1670 1106 ut

992 1133 1153 1179 neque
1203 1120 1541 1167 confessionis
1589 1136 1670 1181 ge-

991 1180 1178 1226 neralis
1208 1180 1473 1239 faciendae,
1508 1196 1670 1242 neque

993 1243 1370 1302 praemissarum
1407 1254 1409 1257 ·
1456 1255 1665 1302 precum

993 1303 1364 1350 recitandarum
1432 1312 1670 1364 suppetat

992 1373 1204 1426 tempus,
1233 1365 1399 1410 statim
1433 1365 1669 1412 sacerdos

993 1427 1396 1473 benedictionem
1422 1428 1464 1473 ei
1489 1428 1671 1498 imper—

991 1488 1380 1544 tiatur,dicendo
1396 1486 1672 1536 :demus

992 1556 1181 1596 noster.
1213 1557 1266 1596 ut
1291 1564 1459 1610 supra.

1051 1621 1116 1667 Et
1135 1622 1176 1667 si
1191 1635 1328 1666 mors
1349 1622 1580 1680 proxime
1595 1637 1672 1668 ur-

991 1691 1257 1750 geat‚dicat
1273 1709 1282 1735 :
1299 1689 1672 1751 indulgentiam

992 1758 1276 1821 plenariam
1319 1766 1370 1820 et
1416 1760 1673 1820 remissio-

990 1843 1106 1877 nem
1162 1828 1391 1877 6mnium
1439 1830 1672 1890 peccato-

989 1913 1101 1947 rum
1121 1899 1217 1947 tibi
1235 1899 1480 1948 concedo,
1502 1899 1566 1947 In
1582 1900 1671 1948 no-

995 1969 1130 2017 mine
1143 1969 1376 2028 Patris-1⁴
1390 2006 1401 2029 ,
1416 1978 1463 2017 et
1479 1970 1615 2031 Filii,
1626 1980 1675 2020 et

990 2039 1216 2107 Spiritus
1242 2042 1423 2090 sancti.
1455 2041 1636 2090 Amen.

615 2175 1004 2236 Benedictio
1044 2178 1324 2238 Mensae.

375 2274 503 2311 Ante
532 2269 813 2309 Prandium.

294 2340 547 2389 Sacerdos
569 2338 931 2384 benedicturus
962 2333 963 2340 ’

962 2285 963 2288 ’
1039 2268 1237 2313 Deinde
1257 2269 1404 2313 dicit:
1433 2271 1498 2321 Y.
1518 2267 1672 2316 Oculi

990 2336 1242 2392 omnium,
1278 2345 1338 2384 et
1375 2338 1460 2384 alii
1497 2352 1668 2398 prose-

250 2424 489 2470 mensam,
514 2407 696 2468 incipit
722 2405 937 2453 Benedi-
960 2389 963 2476 ξ
990 2415 1238 2467 quuntur:
1287 2407 1349 2453 In
1380 2413 1430 2453 te
1460 2413 1667 2467 sperant

253 2478 366 2525 cite.
392 2488 439 2526 et
462 2479 550 2526 alii
573 2477 932 2537 repetunt‘Be-
960 2495 961 2498 ¹
987 2476 1224 2536 Domine,
1241 2483 1290 2523 et
1312 2482 1369 2524 tu
1385 2475 1477 2522 das
1499 2488 1667 2522 escam

251 2546 488 2595 nedicite.

371 2706 497 2747 Horae
522 2705 707 2746 Βίαν-πω.

958 2575 961 2606 2
987 2546 1196 2594 illorum
1227 2546 1281 2593 in
1315 2545 1546 2605 tempore
1579 2556 1672 2602 op-

1432 2693 1457 2738 I
