1954 2779
292 204 561 253 Dedicatio
610 202 664 251 S.
700 196 992 250 Michaelis'·
1025 202 1238 251 Festum
1256 204 1335 254 Ss.
1349 204 1707 252 Innocentium

348 263 683 324 Archangeli.
989 254 992 293 ¹
1086 264 1394 326 Martyrum.

286 327 500 376 Festum
516 324 799 373 Patrocinii
817 326 868 373 S.
880 324 917 374 J
920 339 972 373 ο-
1025 324 1240 373 Festum
1310 325 1362 374 S.
1426 325 1706 389 Laurentii,

348 403 403 436 se
441 388 476 435 h
498 386 687 451 Sponsi
710 385 772 435 B.
793 386 865 435 M.
885 386 949 435 V.
1084 387 1350 450 Martyria

286 448 417 498 Nata
444 450 529 496 ‘tia
560 448 802 496 undecim
829 449 969 511 Apo·
1024 449 1237 497 Festum
1260 446 1312 497 S.
1337 449 1505 496 Annoe
1526 447 1708 495 Matris

349 511 615 559 stolorum.
1086 510 1145 559 B.
1165 509 1346 559 Mariae
1369 510 1433 558 V.

286 571 444 621 Festa
464 571 937 632 Evangelistarum.
1023 570 1237 619 Festum
1271 570 1323 621 S.
1344 571 1382 620 J
1385 571 1586 620 oachim
1608 571 1706 620 Pa·

286 632 499 681 Festum
514 633 567 684 S.
579 632 828 695 Stephani
844 632 970 680 Pro·
991 652 995 734 ἱ
1085 635 1180 681 tris
1199 633 1373 683 Beatae
1390 633 1571 682 Mariae
1589 633 1704 682 Vir-

347 695 659 757 tomartyris.
1084 695 1235 754 ginis.

658 805 1338 881 Dominicaemadores

381 885 865 933 dividuntur
919 887 988 931 in
1045 887 1230 931 duas
1285 887 1614 932 classes.

605 998 912 1046 Dominicae
942 999 1137 1059 primae
1170 998 1382 1057 classis,

528 1072 657 1119 quae
703 1071 1026 1117 numquam
1073 1059 1460 1103 omittuntur.

282 1157 459 1205 Prima
482 1156 772 1205 Adventus·
997 1164 1000 1179 ⁴
1026 1154 1256 1204 Paschae.

282 1218 458 1266 Prima
478 1216 913 1277 Quadragesimae.
999 1254 1000 1259 ,
1026 1216 1092 1264 In
1115 1215 1283 1265 Albis.

285 1279 564 1329 Passionis,
997 1282 1000 1309 ²
1026 1278 1372 1326 Pentecostes.

283 1340 595 1391 Palmarum.
997 1326 1000 1371 ἱ
1026 1339 1311 1388 Trinitatis.

575 1446 881 1494 Dominicae
912 1446 1170 1494 secundae
1201 1445 1412 1503 classis,

324 1522 396 1554 uae
430 1521 535 1554 non
569 1506 885 1564 omittuntur,
915 1506 1015 1552 nisi
1046 1513 1340 1551 occurrente
1364 1505 1586 1551 Patrono
1621 1504 1702 1550 vel

290 1569 298 1586 '
334 1570 508 1616 itulari
526 1567 790 1624 Ecclesiae,
820 1575 865 1612 et
888 1567 1108 1624 ejusdcm
1131 1567 1488 1623 Dedieatione;
1515 1575 1562 1612 et
1585 1574 1702 1612 tunc

290 1632 347 1677 de
404 1632 477 1677 eis
531 1629 587 1675 fit
640 1642 843 1689 semper
889 1629 1318 1674 Commemoratio
1373 1629 1425 1673 in
1473 1628 1702 1687 utrisque

687 1689 928 1751 Vesperis
954 1698 1002 1737 et
1025 1689 1305 1735 Laudibus.

286 1783 523 1833 Secunda
993 1772 998 1872 ἶ
1024 1782 1296 1833 Dominica
1321 1782 1678 1843 Sexagesimae.

286 1846 462 1895 Tertia
613 1846 898 1894 AdventuS.
1023 1846 1229 1894 Domin.
1243 1843 1706 1907 Quinquagesimae.

286 1908 477 1967 Quarta
994 1887 998 1942 Ῑ
1022 1906 1257 1957 Secunda

288 1969 564 2019 Dominiea
628 1967 951 2032 Septuagesi-
995 1955 998 2056 ἰ
1020 1970 1194 2018 Tertia
1344 1969 1656 2029 QuadrageS.

350 2046 462 2080 mae.
993 2071 997 2081 .
1020 2033 1213 2091 Quarta

560 2144 814 2206 Duplicia
842 2145 1048 2205 maj0ra
1079 2159 1176 2207 per
1210 2148 1448 2202 Annum,

341 2229 453 2276 quae
489 2213 606 2261 aliis
640 2212 945 2274 Duplicibus
981 2213 1263 2260 minoribus
1297 2214 1654 2276 praeferuntur.

290 2373 553 2448 Exul-tatio
571 2380 763 2445 saneti?
775 2371 973 2445 Crueis.
999 2351 1003 2406 ¹
1090 2372 1343 2421 Dolorum
1659 2392 1706 2447 Ξ

289 2437 565 2484 Dedit-,atio
582 2433 974 2483 Archibasihcae
1000 2435 1004 2482 t
1030 2433 1310 2481 Commem.
1324 2434 1388 2480 de
1401 2432 1579 2479 Monte
1662 2453 1675 2464 ·

352 2499 435 2548 Ss.
460 2496 766 2546 Salvatoris.
999 2499 1004 2546 ὓ
1092 2494 1329 2543 Carmelo
1663 2488 1712 2547 ,4

972 2639 1026 2679 29

289 2311 701 2371 Transfiguratio
724 2310 953 2361 Domini.
999 2307 1147 2359 *Duo
1177 2311 1334 2360 Festa
1366 2308 1572 2371 Septem
1608 2330 1625 2521 z
1659 2308 1709 2368 β
