1954 2779
672 221 942 268 Orationes
966 228 1081 267 ante
1105 223 1331 270 Missam.

1575 228 1701 288 [275]

285 342 392 382 tota
414 341 590 382 sancta
611 334 847 383 Ecclesia
877 333 967 381 he·
1023 334 1163 396 gine,
1208 336 1314 383 suis
1346 336 1586 384 menibus
1625 352 1702 385 re-

287 407 368 455 die
387 404 734 466 offerentibus,
755 405 969 453 elemen-

283 486 362 524 ter
383 476 620 523 assistere
644 476 884 538 digneriS,
911 484 966 524 ut

284 555 373 593 tua
390 546 554 607 gretia
571 546 744 607 adimi,
761 547 965 609 dignam

285 624 333 664 et
357 617 724 678 acceptebilem
746 617 965 666 hestiam

284 688 338 736 in
361 688 641 749 conspeetu
671 703 882 737 summae
917 697 965 736 et

282 758 564 806 individuae
593 759 863 807 Trinitatis
895 760 966 808 of-

280 828 415 877 ferre
437 829 715 878 valeaimuS.
750 833 931 879 Amen.

396 891 568 938 Indulg,
592 899 667 936 100
688 896 863 937 dierum.

284 941 371 982 Leo
388 945 469 985 ΡΡ.
488 947 614 987 XIII.
636 952 695 988 17.
714 948 836 988 Febr.
855 951 967 988 1883.

480 1047 766 1100 Oratio

393 1108 456 1155 ad
478 1109 530 1157 S.
555 1109 858 1170 Josephum.

399 1177 601 1226 felicem
634 1180 806 1227 virum
844 1180 962 1227 bee-

424 1256 532 1296 tum
587 1250 814 1311 Joseph‚
879 1250 962 1297 eui

277 1318 452 1365 datum
476 1325 567 1378 est,
593 1318 776 1379 Deum,
809 1333 960 1380 quem

276 1388 424 1437 multi
484 1404 631 1452 reges
683 1391 960 1440 voluerunt

274 1461 464 1521 videre,
497 1469 545 1508 et
575 1476 681 1510 non
702 1462 956 1523 viderunt,

273 1531 463 1592 audire,
484 1539 533 1579 et
548 1546 653 1579 non
669 1533 955 1593 audierunt,

274 1617 379 1650 non
402 1603 566 1651 solum
593 1605 770 1652 videre
797 1612 846 1651 et
870 1618 955 1651 au-

276 1672 400 1732 dire,
413 1673 501 1720 sed
512 1675 734 1735 portate,
750 1675 956 1721 deoseu-

271 1742 385 1801 lai-i,
408 1743 600 1789 vestire
616 1750 664 1789 et
682 1744 954 1792 custodire.

330 1814 397 1866 V.
415 1811 520 1860 Ora
546 1826 642 1873 pro
659 1813 810 1860 nobis
836 1813 953 1861 bee-

272 1889 322 1928 te
344 1881 560 1942 Joseph.
626 1887 691 1946 152.
710 1883 782 1931 Ut
811 1883 953 1945 digni

273 1950 558 1998 efficiemur
598 1954 952 2013 promissieni-

274 2021 373 2068 bus
407 2021 614 2071 Christi.

500 2093 729 2141 Oremus.
820 2134 823 2135 γ

375 2175 486 2222 euS,
523 2163 611 2223 qui
644 2163 828 2211 dedisti
860 2178 950 2211 no-

403 2232 484 2280 bis
514 2233 686 2295 regale
716 2233 949 2282 sacerde-

269 2303 410 2362 tium‚
435 2311 623 2364 praesta
641 2304 947 2364 quaesumuS‚

268 2378 324 2418 ut
365 2373 496 2420 sicut
537 2373 719 2421 beetus
751 2373 948 2435 Joseph

269 2442 585 2502 unigenitum
597 2444 789 2492 Filium
803 2451 948 2491 tuum

268 2519 445 2559 natum
499 2527 562 2561 ex
612 2515 778 2562 Maria
831 2513 947 2561 Vir-

1020 405 1258 452 verenter
1278 406 1498 453 tractare
1519 407 1706 455 meruit

1022 482 1070 522 et
1087 475 1308 537 ponere,
1331 476 1403 524 ita
1424 490 1520 523 nos
1543 475 1703 524 fecias

1022 559 1138 593 cum
1169 546 1341 593 cordis
1370 546 1621 593 munditia
1656 554 1704 593 et

1022 616 1194 678 eperis
1246 616 1539 666 innocentia
1601 616 1703 664 tuis

1021 688 1212 736 sanctis
1244 687 1496 736 alteribus
1534 688 1701 735 deser-

1022 757 1131 805 vire
1152 795 1164 819 ,
1214 766 1269 806 ut
1318 758 1701 807 sacrosenctum

1020 826 1144 876 Filii
1167 831 1242 877 tui
1268 831 1470 892 Corpus
1500 837 1549 877 et
1580 829 1703 879 Sen-

1021 900 1226 959 guinem
1256 900 1409 947 hedie
1440 901 1592 962 digne
1620 914 1702 946 su-

1022 968 1239 1028 mamm,
1266 976 1316 1015 et
1336 970 1390 1016 in
1411 969 1586 1018 futtiro
1610 969 1701 1016 sae-

1022 1037 1139 1085 culo
1192 1037 1459 1099 praemium
1511 1039 1700 1087 habere

1021 1108 1307 1156 mereamur
1322 1110 1580 1158 aeternum.
1598 1110 1700 1159 Per

1018 1177 1252 1225 efimdem
1294 1179 1553 1227 Christum
1593 1181 1700 1228 Βό-

1018 1247 1213 1294 minum
1235 1256 1484 1296 nostrum.
1517 1252 1698 1299 Amen.

1131 1315 1305 1368 Indulg.
1327 1321 1402 1358 100
1423 1317 1597 1361 dierum.

1077 1367 1182 1409 Pius
1217 1369 1292 1410 IX.
1325 1373 1362 1410 4.
1395 1369 1517 1411 Febr.
1549 1375 1660 1413 1877.

1082 1460 1289 1514 Oratio
1322 1461 1396 1513 ad
1428 1476 1636 1514 omnes

1014 1531 1279 1594 Angelos
1321 1532 1385 1584 et
1418 1531 1695 1584 Sanetus,

1103 1602 1301 1663 ngeli,
1366 1602 1695 1663 Archangeli,

1134 1671 1347 1730 Thmui,
1374 1671 1694 1719 Dominatie-

1010 1754 1116 1801 neS‚
1150 1741 1507 1803 PrincipaituS‚
1542 1742 1695 1789 Pote-

1012 1811 1199 1872 stzites,
1254 1811 1486 1859 Virttites
1542 1812 1694 1860 eoele-

1008 1895 1147 1941 rum,
1204 1882 1484 1930 Cherubim
1540 1890 1693 1943 atque

1013 1952 1305 2014 Seraphim,
1355 1966 1532 2000 omnes
1568 1951 1692 2001 San-

1008 2022 1077 2069 cti
1109 2031 1157 2069 et
1192 2023 1394 2072 Sanctae
1414 2023 1529 2082 Dei,
1562 2037 1692 2085 prae-

1007 2092 1182 2140 sertim
1215 2093 1428 2141 Patreni
1460 2094 1582 2153 mei,
1616 2093 1692 2140 in-

1007 2164 1264 2211 tercedere
1285 2163 1566 2225 dignemini
1593 2177 1690 2225 pro

1005 2248 1108 2294 me,
1156 2243 1213 2282 ut
1245 2235 1344 2282 hoe
1377 2233 1690 2281 sacrificium

1005 2304 1117 2352 Deo
1151 2303 1492 2366 ,omnipotenti
1538 2304 1690 2365 digne

1005 2373 1205 2421 valeam
1240 2372 1450 2433 offerre,
1486 2375 1550 2421 ad
1581 2374 1689 2420 lau-

1005 2444 1119 2491 dem
1155 2451 1203 2490 et
1225 2443 1442 2505 gleriam
1465 2443 1688 2490 neminis

1005 2515 1101 2573 sui,
1127 2514 1192 2560 ad
1214 2512 1486 2561 utilitatem
1507 2524 1685 2566 meam,

1400 2654 1476 2702 S*
