1954 2779
601 196 752 241 Feria
779 195 838 242 V.
861 197 914 243 in
941 198 1095 245 Coena
1123 199 1345 246 Domini.

323 315 539 363 Auditui
549 328 666 361 meo
677 314 826 361 dabis
835 313 953 375 gasl-

264 385 403 432 dium
419 392 469 432 et
483 384 743 432 laetitiam:
761 383 790 416 ²¹²
807 392 856 430 et
872 397 952 431 ex·
973 400 976 455 5

262 455 531 503 sultdbunt
540 469 657 503 ossa
668 453 950 502 humiliata.
973 460 976 497 !

323 526 519 574 Averte
541 524 728 572 faciem
760 532 898 571 tuam
923 539 951 571 a

262 596 489 659 peccatis
500 595 647 643 meis:
667 594 697 627 ’¹‘
711 603 760 642 et
774 608 950 642 omnes

261 665 562 726 iniquitates
582 678 724 712 meas
747 664 873 711 dele.

268 761 280 766 -
325 737 430 785 Cor
460 735 712 783 mundum
743 749 861 783 crea
896 735 949 782 in

263 820 343 854 me
373 807 544 854 Deus:
575 804 605 837 ’¹‘
629 812 679 852 et
711 804 947 867 spiritum

261 884 460 924 rectum
493 876 685 923 innova
709 876 762 922 in
785 876 948 924 visce-

261 947 407 994 ribus
428 946 574 993 meis,

321 1017 403 1065 Ne
427 1015 672 1078 projicias
700 1029 782 1063 me
812 1029 843 1062 a
873 1015 948 1063 fa-

260 1086 338 1133 cie
383 1095 497 1133 tua:
544 1085 575 1118 ’¹‘
612 1094 661 1132 et
696 1086 947 1147 Spiritum

260 1164 496 1205 sanctum
534 1164 678 1204 tuum
711 1171 777 1204 ne
808 1156 947 1205 alife-

262 1241 344 1275 ras
376 1242 405 1275 a
437 1242 534 1275 me,

323 1297 506 1344 Redde
545 1298 670 1345 mihi
714 1298 945 1346 laetitiam

259 1367 502 1416 salutatis
519 1368 619 1416 tui:
639 1367 670 1401 ‘¹‘
687 1375 737 1416 et
760 1368 947 1431 spiritu

260 1439 538 1501 principali
565 1438 816 1487 confirma
849 1453 943 1488 me.

322 1509 539 1557 Docebo
581 1509 788 1570 iniquos
833 1511 945 1557 vias

261 1587 399 1627 tuas:
438 1579 468 1612 '¹‘
510 1586 561 1626 et
602 1580 749 1641 impii
790 1580 854 1627 ad
896 1588 945 1627 te

263 1650 641 1698 convertentur.

319 1720 512 1769 Libera
521 1734 604 1767 me
618 1721 681 1767 de
691 1721 946 1782 sanguini-

263 1790 356 1838 bus
382 1791 554 1851 DeuS,
587 1791 731 1838 Deus
764 1790 944 1838 sallitis

263 1874 412 1909 meae:
430 1860 463 1894 '¹‘
480 1868 530 1908 et
548 1860 827 1908 exsultabit
847 1861 945 1908 lin-

261 1945 358 1993 gua
379 1945 495 1980 mea
516 1931 763 1992 justitiam
788 1940 944 1979 tuam.

311 2002 947 2064 deine‚ldbiameaape-

260 2073 385 2121 ries:
417 2072 450 2106 '¹‘
483 2080 533 2119 et
563 2086 624 2120 os
654 2086 825 2119 mcum
857 2086 945 2119 an-

262 2144 521 2191 nuntiabit
541 2142 747 2190 laudem
769 2149 925 2189 tuam.

297 2213 579 2273 ‘Qudniam
610 2214 654 2260 si
690 2211 945 2260 voluisses

265 2283 604 2344 sacrificium,
691 2283 944 2330 dedissem

263 2353 469 2415 sitique:
534 2354 565 2387 ’¹‘
627 2351 945 2400 holocatistis

264 2438 365 2471 non
388 2423 743 2471 delectaberis.

324 2493 650 2543 Sacrificium
665 2493 779 2541 Deo
796 2491 945 2553 spiri-

1594 208 1688 254 249

1008 324 1089 362 tus
1119 316 1522 365 contribulatus:
1547 319 1577 350 *
1602 334 1691 367 cor

1007 386 1283 435 contritum
1299 395 1348 434 et
1365 386 1688 436 humiliatum

1006 457 1148 504 Deus
1168 472 1275 505 non
1297 457 1566 518 despicies,

1067 527 1296 590 Benigne
1307 528 1389 575 fac
1399 527 1623 576 deine
1634 529 1688 577 in

1005 597 1141 645 bona
1155 599 1421 646 voluntzite
1436 606 1524 646 tua
1536 599 1686 649 Sion:

1005 667 1035 699 *
1052 676 1108 715 ut
1123 668 1439 717 aedificentur
1453 671 1587 717 muri
1600 671 1636 719 J
1638 685 1685 718 e-

1004 737 1241 787 rtisalem.

1066 808 1214 856 Tunc
1223 810 1518 871 acceptabis
1533 812 1687 858 sacri·

1004 876 1182 925 ficium
1213 879 1436 938 justitiae,
1472 879 1688 928 oblatid-

1003 961 1108 1007 neS‚
1122 957 1171 996 et
1184 948 1487 996 holocai'ista
1501 966 1511 995 ε
1526 948 1556 981 *
1566 956 1688 997 tunc

1004 1017 1270 1078 impdnent
1319 1031 1474 1079 super
1528 1018 1687 1066 altdre

1003 1096 1147 1135 tuum
1168 1086 1377 1136 vitulos,

1063 1163 1172 1221 Quo
1209 1164 1373 1223 finito,
1415 1169 1522 1215 sine
1560 1167 1684 1218 Ore-

1002 1241 1130 1288 mus,
1152 1226 1339 1273 dicitur
1362 1230 1516 1277 simili
1542 1248 1666 1279 voce

1243 1316 1438 1364 Oratio.

1098 1404 1296 1466 espice,

1131 1473 1369 1536 D6mine,
1384 1489 1539 1538 super
1552 1475 1685 1522 hanc

1000 1544 1248 1593 familiam
1269 1553 1426 1606 tuam,
1459 1560 1556 1608 pro
1584 1560 1685 1607 qua

997 1614 1254 1662 deinus
1307 1623 1482 1662 noster
1528 1616 1563 1663 J
1567 1630 1683 1662 esus

1001 1686 1237 1735 Christus
1278 1698 1383 1731 non
1427 1683 1684 1732 dubitdvit

1000 1755 1238 1804 manibus
1301 1754 1435 1802 tradi
1498 1755 1683 1801 nocen-

999 1827 1150 1887 tium,
1201 1832 1251 1873 et
1296 1825 1464 1873 crucis
1510 1825 1683 1873 subite

1000 1898 1335 1946 tormentum:
1366 1903 1453 1948 sed
1484 1896 1582 1955 Qui
1613 1905 1683 1943 te-

1003 1983 1117 2016 cum
1160 1967 1306 2016 vivit.
1351 1971 1537 2018 dieitur
1580 1973 1675 2020 sub

997 2029 1214 2080 silentio,

1393 1405 1686 1466 quaesumus

1056 2119 1228 2165 Finita
1242 2120 1501 2175 Oratione,
1516 2121 1569 2164 fit
1582 2121 1678 2167 fra-

995 2195 1087 2238 gor
1112 2187 1159 2225 et
1183 2181 1425 2240 strepitus
1449 2180 1676 2241 aliquan-

994 2240 1181 2287 tulum:
1245 2255 1363 2286 mox
1417 2242 1676 2301 profertur

994 2301 1203 2347 candela
1240 2316 1453 2348 accensa
1476 2303 1543 2358 ‚de
1579 2303 1673 2350 sub

995 2363 1157 2422 altari,
1179 2372 1226 2409 et
1246 2377 1420 2410 omnes
1444 2373 1672 2423 surgunt,

993 2432 1041 2470 et
1096 2439 1209 2471 cum
1263 2425 1465 2471 silentio
1516 2426 1674 2469 disce-

993 2485 1133 2532 dunn
