1954 2779
705 212 928 259 Sabbato
953 215 1015 259 ad
1044 213 1256 259 Laudes.
1616 211 1677 258 67

267 337 426 371 nuum
475 322 681 369 tuarum
737 302 984 369 exsulta·¹
1071 323 1268 382 Justus,
1288 331 1345 370 ut
1364 322 1532 384 palma
1550 323 1693 372 flore-

263 393 345 441 bo.
1010 394 1112 441 bit:
1146 394 1175 427 *
1210 394 1343 441 sicut
1385 393 1566 440 cedrus
1607 395 1690 442 Li-

323 465 488 523 Quam
499 462 827 524 magnificata
837 471 955 511 sunt
1009 465 1131 512 bani
1152 463 1597 526 multiplicabitur.

268 534 425 596 (Spera
449 543 537 581 tua
555 532 806 580 Dumine!
829 532 858 564 ‘¹‘
881 533 953 579 ni-
1068 535 1297 584 Plantati
1331 536 1385 581 in
1410 534 1562 582 domo
1584 534 1688 582 Βό-

268 605 364 651 mis
380 603 657 666 profundae
672 602 820 650 factae
836 612 954 651 sunt
1006 606 1144 666 mini,
1179 606 1209 638 ’¹‘
1241 607 1294 653 in
1327 605 1472 653 Atriis
1506 605 1688 653 domus

269 674 606 737 cogitatiunes
628 682 744 721 tuae.
976 662 981 729 >
1004 675 1103 724 Dei
1125 677 1290 724 nostri
1313 676 1583 725 florebunt.

325 744 423 793 Vir
439 744 692 806 insipiens
709 758 813 791 non
836 758 951 806 cog-
975 752 980 829 1
1067 746 1251 794 Adhuc
1267 746 1685 808 multiplicabun-

265 815 462 863 nuscet:
490 814 521 848 *
545 823 594 862 et
625 813 815 861 stultus
847 829 949 861 non
1004 825 1087 863 tur
1103 817 1155 864 in
1173 818 1377 865 senecta
1400 816 1569 864 uberi:
1588 817 1618 849 *
1635 825 1684 863 et

262 884 512 946 intelliget
535 885 660 933 haec.
974 888 979 957 Q
1003 887 1132 935 bene
1154 888 1406 950 patientes
1435 896 1596 946 erunt,
1629 895 1685 933 ut

316 955 446 1003 Cum
459 955 625 1003 ex6rti
637 954 829 1002 fuerint
839 967 951 1017 pee-
1003 958 1305 1006 annuntient
1319 974 1330 1004 ε

268 1026 464 1074 catures
480 1026 614 1072 sicut
629 1025 842 1073 foenum:
858 1025 887 1059 *
900 1035 950 1073 et
973 986 976 1071 1
1065 1027 1318 1085 Quuniam
1329 1033 1498 1073 rectus
1506 1026 1683 1073 D6mi-

264 1096 597 1158 apparuerint
632 1109 822 1155 omneS‚
860 1097 947 1156 qui
1006 1110 1103 1144 nus
1140 1096 1284 1143 Deus
1324 1103 1523 1143 noster:
1566 1094 1595 1126 *
1637 1102 1686 1140 et

265 1166 545 1227 operantur
569 1166 918 1225 iniquitatem:
1002 1182 1106 1215 non
1129 1175 1205 1215 est
1227 1166 1472 1226 iniquitas
1495 1166 1547 1211 in
1569 1178 1642 1212 eo.

325 1237 398 1286 Ut
420 1237 673 1284 intereant
705 1237 759 1283 in
791 1235 947 1282 szizeu-
1070 1239 1186 1284 Ant.
1214 1238 1411 1285 Bonum
1434 1243 1510 1283 est
1529 1235 1682 1283 eonfi-

262 1306 366 1354 lum
389 1306 591 1354 saeculi:
627 1305 658 1338 ³¹⁸
692 1315 746 1353 tu
777 1314 945 1353 autem
1000 1309 1096 1356 teri
1125 1307 1366 1356 DuminO.

265 1376 561 1425 Altissimus
603 1377 658 1423 in
701 1376 946 1425 aeternum
1066 1379 1184 1426 Ant.
1232 1378 1474 1428 Metuant.
1504 1377 1682 1426 Dumi-

261 1446 493 1495 deine.
998 1465 1121 1497 num
1133 1450 1163 1482 *
1180 1463 1355 1499 omnes
1372 1449 1499 1496 fines
1517 1456 1682 1494 terrae.

234 1546 241 1553 -
319 1518 571 1576 Quuniam
599 1530 718 1565 eece
748 1518 943 1565 inimici
1062 1518 1247 1566 Psalm.
1324 1519 1464 1565 Deus
1537 1518 1680 1565 Deus

260 1589 330 1635 tui
346 1588 584 1647 Dumine,
605 1588 847 1647 quuniam
864 1602 942 1635 ee·
997 1604 1154 1638 meus,
1189 1591 1231 1637 2.

261 1671 316 1705 ce
329 1657 525 1705 inimici
541 1658 616 1704 tui
633 1658 940 1718 peribuntz*
1061 1662 1179 1708 Ant.
1215 1663 1348 1707 Date
1375 1657 1680 1718 magnitudi-

260 1735 306 1774 et
346 1727 709 1789 dispergentur
751 1741 939 1789 omnes,
995 1742 1127 1775 nem.

262 1798 347 1857 qui
381 1798 663 1859 operamur
703 1798 940 1857 iniquita·
1038 1797 1378 1858 Cant.Moysi.
1412 1798 1645 1849 Deut.32.

263 1875 376 1915 tem.
1000 1868 1211 1991 Ndite
1264 1870 1380 1916 coeli
1434 1885 1547 1932 quae
1605 1873 1679 1922 lo-

317 1937 384 1985 Et
437 1937 750 1985 exaltabitur
809 1938 941 1985 sicut
1115 1952 1270 1999 quor:
1293 1940 1325 1972 ’¹‘
1347 1941 1520 1990 audiat
1542 1953 1677 1993 terra

263 2007 519 2054 unicurnis
552 2021 715 2054 cornu
744 2021 939 2055 meum:
998 2010 1157 2057 verba
1181 2011 1286 2059 oris
1306 2014 1420 2061 mei.

260 2075 290 2107 *
313 2084 359 2123 et
382 2078 618 2126 senectus
639 2091 748 2125 mea
772 2078 826 2124 in
847 2079 939 2125 mi·
1058 2080 1371 2130 Cone-‚rescat
1412 2091 1469 2130 ut
1499 2084 1678 2145 pluvia

261 2146 536 2194 seriedrdia
558 2147 723 2195 uberi.
996 2149 1227 2197 doctrina
1259 2165 1385 2212 mea,
1411 2152 1440 2183 '¹‘
1466 2152 1590 2200 fluat
1623 2161 1679 2201 ut

316 2217 382 2265 Et
396 2217 634 2278 despexit
647 2218 828 2265 uculus
843 2233 941 2265 me-
994 2232 1080 2265 ros
1104 2219 1364 2280 eldquium
1387 2236 1570 2283 meum,

259 2299 317 2332 us
331 2287 569 2334 inimicos
585 2301 755 2336 meos:
773 2287 804 2320 ³¹⁸
823 2297 870 2335 et
886 2289 940 2335 in
1058 2288 1214 2348 Quasi
1225 2291 1391 2340 imber
1401 2305 1556 2355 super
1565 2295 1677 2342 her-

259 2355 641 2418 insurgentibus
663 2358 718 2404 in
735 2372 814 2405 me
835 2373 938 2406 ma·
994 2359 1127 2420 bam,
1140 2368 1189 2407 et
1199 2363 1346 2421 quasi
1358 2363 1511 2410 stillae
1523 2378 1678 2425 super

260 2423 574 2486 lignantibus
598 2427 770 2475 audiet
801 2429 940 2475 auris
994 2430 1241 2489 grumina.
1265 2431 1294 2463 '¹‘
1330 2431 1459 2489 Quia
1492 2445 1678 2478 nomen
1738 2475 1741 2478 ,

993 2498 1205 2545 1)όωίῃὶ
1228 2500 1510 2546 ἰηνοοέῦοε

261 2508 380 2544 mea.
