1954 2779
263 196 327 243 94

328 311 464 358 Ecce
492 309 714 357 D6mine
745 317 801 355 tu
833 322 950 368 cog-

263 380 456 427 novisti
505 379 675 441 dmnia
726 377 950 424 novissi-

265 465 363 510 ma,
388 459 435 497 et
458 448 691 508 antiqua:
717 449 748 480 ²³³
769 456 826 493 tu
846 446 950 494 for·
975 470 979 481 ε

266 521 417 567 masti
471 532 572 576 me,
628 526 676 564 et
731 517 949 578 posuisti

265 603 423 650 super
444 601 525 635 me
555 602 762 634 manum
796 595 950 634 tuam.

328 657 588 706 Mirabilis
665 656 800 704 facta
876 664 952 703 est

266 729 480 776 scientia
524 736 610 775 tua
659 741 722 774 ex
768 741 874 774 me:
923 727 951 759 ’¹‘

266 797 557 846 confortata
603 806 700 856 est,
751 805 800 843 et
847 810 952 843 non

270 869 449 931 pdtero
472 867 537 915 ad
559 881 708 915 eams

332 940 444 998 Quo
468 939 555 986 ibo
572 953 600 985 a
619 937 804 999 spiritu
827 938 952 984 tuo?

270 1011 300 1043 '¹‘
332 1018 380 1057 et
412 1023 514 1070 quo
542 1022 572 1055 a
593 1007 725 1056 facie
756 1016 843 1055 tua
873 1006 952 1055 fu-

266 1081 440 1142 giam?

333 1152 387 1199 Si
428 1150 705 1198 ascendero
752 1149 806 1196 in
855 1162 953 1195 (ιω

267 1222 399 1280 lum,
432 1230 488 1268 tu
515 1220 623 1267 illic
646 1234 724 1267 es:
748 1221 777 1252 '³‘
801 1219 844 1265 si
869 1220 952 1266 de—

268 1290 516 1338 scendero
571 1290 624 1335 in
676 1289 951 1348 infernum,

267 1361 407 1409 ades,

276 1435 280 1439 ’
329 1432 384 1480 Si
435 1430 701 1491 sumpsero
758 1443 953 1489 pennas

267 1515 407 1547 meas
426 1498 670 1556 dilucu10,
693 1500 721 1531 ³²
739 1507 787 1545 et
809 1498 952 1546 habi-

265 1570 447 1617 tavero
457 1572 511 1617 in
521 1569 761 1617 extremis
773 1569 951 1615 maris:

333 1641 537 1689 Etenim
590 1639 715 1687 illuc
772 1652 953 1685 manus

268 1721 356 1760 tua
378 1710 593 1759 deducet
620 1723 725 1757 me:
752 1710 780 1741 ‘⁴³‘
804 1717 852 1756 et
883 1717 952 1756 te-

269 1782 413 1830 nebit
435 1796 515 1829 me
537 1781 744 1828 dextera
766 1788 869 1827 tua.

327 1851 405 1898 Et·
431 1851 563 1897 dixi:
603 1849 845 1897 Fdrsitan
882 1850 953 1896 te-

269 1920 446 1967 nebrae
457 1919 836 1968 conculcabunt
849 1933 930 1966 me
941 1937 952 1966 :

267 1988 299 2020 ’¹‘
320 1997 369 2036 et
392 2004 495 2037 nox
513 1989 823 2037 illuminatio
843 2003 953 2036 mea

266 2058 321 2105 in
345 2059 543 2107 deliciis
565 2060 707 2106 meis.

277 2159 280 2162 ι
332 2130 463 2188 Quia
476 2128 699 2177 tenebrae
715 2142 820 2174 non
837 2128 952 2176 obs·
979 2147 982 2160 ·

272 2198 591 2246 curabuntur
624 2211 654 2244 a
685 2206 747 2256 te,
772 2205 821 2243 et
849 2211 953 2246 nox
980 2209 983 2228 ³

268 2268 401 2313 sicut
418 2267 527 2313 dies
549 2266 951 2315 illumimibitur:

271 2337 299 2369 ‘⁴‘
323 2336 454 2381 sicut
476 2336 701 2383 tenebrae
722 2335 852 2393 εἰπε,
881 2337 951 2383 ita

269 2413 318 2451 et
338 2405 512 2451 lumen
532 2404 655 2461 ejus,

330 2474 461 2532 Quia
482 2481 538 2519 tu
569 2472 842 2532 possedisti
875 2490 951 2522 re-

638 200 782 245 Feri-d
807 208 945 245 sexta
971 200 1034 246 ad
1062 200 1325 259 Vespera&

1006 321 1095 353 nes
1140 320 1304 354 meos:
1347 307 1375 339 '¹‘
1417 304 1690 366 suscepisti

1005 391 1085 424 me
1103 377 1164 423 de
1182 375 1327 423 utero
1347 376 1525 422 matris
1547 389 1689 424 meae.

1069 446 1367 496 Confitebor
1420 446 1535 493 tibi*
1570 446 1690 507 quia

1006 516 1304 564 terribiliter
1334 515 1691 577 magnificatus

1007 601 1084 633 es:
1103 588 1130 619 *
1143 585 1400 633 mirabilia
1417 586 1574 647 <Spera
1588 595 1690 646 tua,

1006 666 1054 704 et
1081 657 1251 703 anima
1279 670 1391 703 mea
1426 656 1691 718 cogndscit

1007 727 1174 775 nimis.

1067 798 1186 848 Non
1203 805 1279 844 est
1296 798 1607 846 occultatum
1633 813 1692 846 os

1007 882 1176 915 meum
1197 882 1227 915 a
1248 876 1321 927 te,
1355 869 1494 929 quod
1524 867 1692 916 fecisti

1008 939 1061 985 in
1083 937 1311 986 occulto:
1331 939 1361 972 *
1383 947 1430 986 et
1455 938 1690 986 substan-

1007 1008 1078 1054 tia
1108 1022 1220 1055 mea
1261 1009 1314 1055 in
1354 1008 1689 1057 inferidribus

1009 1086 1172 1126 terrae.

1064 1148 1430 1210 Imperfectum
1441 1163 1609 1197 meum
1620 1150 1692 1196 vi-

1009 1218 1192 1268 derunt
1227 1219 1364 1266 6culi
1405 1220 1508 1279 tui,
1546 1227 1594 1266 et
1638 1219 1693 1267 in

1007 1289 1143 1336 libr'o
1166 1297 1255 1336 tuo
1275 1302 1451 1336 omnes
1466 1289 1692 1337 scriben-

1007 1368 1115 1406 tur:
1137 1360 1165 1393 *
1185 1358 1293 1406 dies
1317 1358 1691 1420 formabuntur,

1008 1438 1056 1476 et
1078 1441 1227 1477 nemo
1254 1431 1307 1476 in
1330 1431 1418 1478 eis⁸

1069 1499 1200 1547 Mihi
1224 1509 1390 1547 autem
1417 1500 1570 1548 nimis
1602 1500 1693 1547 ho-

1009 1568 1262 1616 norificati
1286 1578 1404 1617 sunt
1433 1569 1584 1617 amici
1616 1570 1692 1617 tui

1008 1638 1176 1685 Deus:
1202 1641 1231 1672 ³¹³
1251 1639 1406 1689 nimis
1434 1637 1691 1688 conforta-

1010 1716 1091 1756 tus
1128 1717 1203 1758 est
1245 1709 1564 1771 principatus
1609 1708 1692 1756 e6-

1010 1793 1138 1828 rum.
1688 1806 1693 1812 ·

1069 1850 1422 1898 Dinumerabo
1476 1864 1586 1909 εοε,
1643 1860 1694 1898 et

1010 1934 1164 1981 super
1195 1922 1400 1968 arenam
1441 1920 1692 1982 multipli-

1008 1990 1286 2038 cabuntur:
1334 1992 1363 2024 ³¹⁸
1407 1992 1691 2051 exsurrexi,

1009 2068 1058 2107 et
1080 2060 1246 2108 adhuc
1269 2076 1383 2109 sum
1404 2069 1587 2109 tecum.

1070 2131 1126 2179 Si
1144 2130 1392 2178 occideris
1410 2131 1551 2178 Deus
1575 2145 1694 2192 pec-

1009 2201 1230 2248 catdres:
1275 2202 1304 2233 ²¹²
1346 2202 1445 2248 viri
1487 2200 1694 2262 sangui-

1008 2285 1130 2317 num
1154 2270 1405 2318 declinate
1428 2285 1458 2317 a
1478 2285 1586 2318 me:

1072 2341 1201 2398 Quia
1223 2338 1396 2387 dicitis
1424 2341 1478 2388 in
1502 2342 1692 2402 cogita-

1006 2408 1168 2455 ti6ne:
1193 2410 1221 2442 ²¹⁵
1243 2409 1497 2470 accipient
1528 2412 1582 2458 in
1604 2427 1692 2458 va·

1006 2478 1164 2525 nitate
1185 2478 1421 2526 civitates
1442 2487 1572 2528 tuae.
