1954 2779
368 383 537 432 emine
585 384 759 431 audivi
806 384 945 430 audi-

399 456 588 503 ti6nem
622 461 784 511 tuam,
827 453 856 484 '¹‘
898 460 946 499 et

264 526 429 574 timui.

324 595 547 643 Demine
570 607 700 654 opus
723 600 880 651 tuum,
915 592 944 624 ³¹²

262 667 317 713 in
347 665 515 712 medio
547 662 798 711 annerum
814 663 944 710 vivi-

261 735 358 782 fica
379 734 535 782 illud:

322 805 386 852 In
399 804 568 852 medio
586 805 836 852 annerum
854 817 943 850 no-

260 884 369 923 tum
392 875 575 922 fecies:
596 875 626 906 ‘¹‘
644 889 761 922 cum
782 873 944 921 iratus

263 945 437 1005 fueriS,
470 945 836 993 misericerdiae
866 957 942 990 re-

264 1017 577 1064 cordeberiS.

322 1087 465 1135 Deus
476 1088 541 1135 ab
555 1088 747 1134 Austro
758 1086 942 1146 veniet,

262 1159 292 1191 '¹‘
331 1167 380 1205 et
422 1165 629 1206 sanctus
669 1158 732 1204 de
772 1165 944 1207 monte

261 1229 491 1275 Pharan:

324 1298 541 1359 Operuit
582 1299 739 1347 coelos
778 1300 943 1360 gleria

261 1368 394 1429 ejus:
442 1369 472 1402 '¹‘
523 1377 571 1417 et
617 1369 785 1417 laudis
835 1371 942 1431 ejus

261 1440 413 1501 plena
436 1448 511 1487 est
534 1448 683 1488 terra.

322 1510 579 1571 Splendor
610 1509 718 1570 ejus
759 1519 815 1557 ut
851 1511 943 1558 lux

261 1582 380 1629 erit:
412 1580 442 1613 '⁴¹‘
473 1580 665 1628 cernua
697 1582 751 1628 in
783 1582 941 1629 meni—

263 1653 360 1699 bus
383 1651 505 1712 ejus,

321 1722 405 1769 Ibi
423 1722 722 1770 abscendita
741 1730 817 1769 est
840 1722 941 1770 for—

260 1792 426 1839 titudo
465 1792 597 1851 ejus:
640 1792 669 1823 ’¹‘
710 1800 827 1839 ante
869 1791 941 1839 fe-

261 1862 390 1908 ciem
414 1861 521 1922 ejus
544 1861 641 1908 ibit
662 1875 817 1909 mors,

321 1931 389 1977 Et
402 1931 689 1992 egredietur
703 1932 942 1979 diebolus

260 2009 377 2048 ante
402 2002 557 2062 pedes
578 2002 700 2063 ejus,
723 2002 752 2035 ’¹‘
776 2002 941 2062 Stetit,

260 2078 309 2117 et
331 2085 537 2118 mensus
561 2080 636 2119 est
660 2080 863 2119 terram.

323 2141 563 2202 Aspexit,
613 2151 660 2189 et
704 2141 944 2190 disselvit

262 2212 474 2260 Gentes:
490 2211 521 2244 *
536 2220 585 2259 et
600 2212 806 2260 contriti
823 2220 941 2259 sunt

260 2287 461 2326 montes
484 2282 675 2329 saeculi.

321 2347 586 2396 Incurveiti
619 2357 736 2396 sunt
783 2350 942 2397 colles

260 2417 461 2475 mundi,
497 2418 525 2449 *
565 2418 629 2464 ab
668 2418 941 2465 itineribus

264 2486 561 2533 aeternitetis
584 2486 705 2546 ejus.

651 202 802 249 Feria
824 210 966 248 sexta
990 202 1054 248 ad
1076 202 1295 249 Laudes,

269 314 462 362 Cantie.
475 315 740 362 Habaeuc.
772 314 948 375 Cap.3.

1062 313 1166 362 Pro
1178 315 1446 375 iniquitate
1456 316 1563 364 vidi
1574 324 1691 364 ten-·

1000 383 1131 432 teria
1148 385 1443 446 AEthidpiae‚
1462 385 1492 418 ’¹‘
1507 387 1688 434 turba-

1001 455 1194 501 buntur
1215 455 1377 516 pelles
1399 464 1548 504 terrae
1570 457 1685 504 Mei-

1002 525 1137 573 dian.

1047 596 1374 656 Numquidin
1384 597 1687 645 fluminibus

999 666 1161 713 iratus
1172 681 1226 714 es
1235 667 1384 714 Dfle?
1395 667 1425 698 ’¹‘
1433 675 1520 714 aut
1530 667 1585 714 in
1595 668 1691 714 fiu—

998 736 1223 783 minibus
1247 735 1392 783 furor
1414 738 1568 785 tuus?
1597 738 1684 784 vel

997 807 1051 853 in
1068 806 1198 853 mari
1219 806 1506 867 indignatio
1529 808 1651 854 tua?

1059 876 1159 934 Qui
1220 876 1464 924 ascendes
1527 886 1689 938 super

999 959 1158 1006 equos
1204 954 1346 994 tuos:
1392 946 1422 979 '¹‘
1465 955 1514 994 et
1559 960 1689 1007 qua-

1000 1017 1159 1078 drigae
1183 1025 1284 1064 tuae
1307 1017 1541 1065 salvatio.

1030 1087 1309 1136 suscitans
1320 1088 1596 1135 suscitabis
1607 1102 1684 1135 ar-

999 1171 1114 1204 cum
1148 1165 1316 1204 tuum:
1345 1157 1375 1189 '¹‘
1399 1157 1684 1216 juramenta

999 1227 1237 1274 tribubus
1255 1241 1370 1287 quae
1387 1226 1589 1273 locutus
1609 1239 1682 1275 es,

1059 1297 1277 1345 Fluvios
1289 1297 1491 1344 scindes
1503 1304 1652 1344 terrae
1668 1315 1681 1344 ε

997 1368 1237 1416 viderunt
1254 1375 1316 1427 te,
1340 1375 1389 1414 et
1405 1367 1682 1416 doluerunt

997 1446 1219 1485 montes:
1247 1437 1276 1469 ³¹²
1307 1451 1492 1498 gurges
1524 1438 1681 1497 aque—

997 1522 1111 1555 rum
1133 1506 1348 1555 trensiit.

1056 1577 1212 1625 Dedit
1245 1575 1464 1637 abyssus
1495 1590 1678 1625 vocem

997 1661 1164 1694 suam:
1189 1646 1218 1678 ³⁸
1244 1645 1461 1693 altitudo
1495 1660 1679 1694 manus

997 1732 1116 1765 suas
1139 1716 1348 1765 levevit.

1059 1788 1173 1847 SoL,
1198 1797 1249 1835 et
1282 1788 1403 1835 luna
1431 1788 1690 1836 steterunt,

996 1860 1050 1906 in
1079 1858 1375 1906 habitaculo
1410 1872 1526 1917 suc,
1560 1858 1591 1891 '¹‘
1625 1860 1679 1905 in

996 1929 1110 1976 luce
1133 1928 1434 1989 sagittarum
1458 1928 1678 1987 tuarum,

996 1999 1145 2047 ibunt
1157 1999 1212 2045 in
1228 1997 1500 2059 splendere
1515 1998 1689 2060 fulgu-

995 2069 1157 2116 rentis
1179 2069 1338 2115 hastae
1362 2077 1476 2116 tuae.

1057 2139 1120 2186 In
1161 2138 1369 2186 fremitu
1409 2137 1678 2186 conculce-

997 2211 1078 2258 bis
1095 2217 1307 2256 terram:
1323 2209 1352 2240 ’¹‘
1368 2217 1416 2255 et
1434 2209 1487 2255 in
1504 2208 1679 2256 furere

997 2279 1376 2340 obstupefecies
1401 2280 1606 2328 Gentes,

1056 2350 1311 2411 Egressus
1326 2363 1379 2396 es
1393 2350 1445 2396 in
1462 2349 1680 2397 salutem

996 2419 1176 2480 pepuli
1198 2420 1299 2467 tui:
1323 2420 1353 2452 ‘¹‘
1375 2420 1430 2467 in
1461 2420 1679 2467 salutem

997 2503 1112 2536 cum
1136 2490 1342 2538 Christo
1367 2498 1470 2537 tu0.
1513 2533 1518 2538 .
