1954 2779
261 198 352 245 150

416 313 660 362 ‘Psalmus
684 313 785 360 131.

377 383 574 429 emonto
597 380 818 428 Domine
834 380 937 427 Da-

270 387 367 508 M
399 451 502 511 vid,
516 453 545 484 ’¹‘
556 459 604 498 et
621 450 787 498 omnis
803 464 941 498 man-

253 522 537 571 suetudinis
561 520 692 579 ejus:

315 592 458 641 Sicut
480 590 669 650 juravit
693 589 933 649 Domine,

253 664 282 695 ‘³‘
313 669 492 708 votum
525 661 670 708 vovit
701 660 814 706 Deo
848 660 936 708 Ja-

253 731 376 780 cob:

313 801 368 850 Si
403 801 647 848 introiero
679 801 734 848 in
766 800 932 848 taber-

250 869 492 918 naculum
516 870 698 918 domus
728 878 878 930 meae,
905 871 933 902 ³³<

251 942 294 989 si
331 940 608 989 ascendero
650 941 704 988 in
738 941 932 988 ⁴lectum

251 1012 395 1060 strati
418 1012 541 1059 mei:

307 1082 362 1132 si
373 1081 560 1130 dodero
572 1096 809 1130 somnum
819 1082 934 1129 ocu-

249 1153 314 1200 lis
344 1153 494 1211 meiS,
529 1153 557 1185 ’Β
590 1161 637 1199 et
668 1152 932 1214 palpebris

249 1223 376 1270 meis
398 1221 833 1269 dormitationem:

310 1291 377 1338 Et
416 1292 646 1351 requiem
689 1291 930 1353 tempori-

249 1362 347 1410 bus
369 1361 521 1409 meis:
551 1360 714 1409 donec
735 1360 930 1409 invoni-

250 1446 331 1480 am
352 1430 527 1482 locum
544 1430 789 1489 Domin0‚
808 1432 838 1465 '³‘
858 1439 928 1478 ta-

249 1500 584 1550 bernaculum
609 1499 722 1548 Deo
748 1500 954 1553 Jacob..

310 1571 447 1622 Ecce
486 1569 776 1620 audivimus
821 1584 931 1618 eam

248 1643 302 1689 in
319 1641 573 1703 Ephrata':
594 1642 623 1674 ’Β
639 1641 930 1689 invenimus

249 1728 359 1761 eam
381 1713 438 1761 in
460 1713 654 1774 eampis
677 1712 838 1760 silvae.

309 1783 646 1831 Introibimus
677 1782 732 1830 in
765 1782 929 1830 taber-

249 1853 490 1900 naculum
524 1852 655 1912 ejus:
690 1853 719 1885 ’¹‘
752 1851 930 1899 adora-

250 1923 420 1970 bimus
442 1923 495 1970 in
515 1922 647 1982 loce,
671 1922 761 1969 ubi
783 1921 930 1969 steto-

250 1999 369 2039 runt
390 1992 547 2054 pedes
571 1992 692 2051 ejuS.

312 2062 475 2124 Surge
506 2063 728 2110 Domine
764 2061 818 2107 in
853 2060 928 2107 re-

249 2133 420 2193 quiem
441 2141 594 2192 tuam,
615 2134 644 2165 ‘f‘
662 2140 717 2178 tu
742 2139 789 2178 et
812 2144 930 2177 arca

249 2201 666 2249 sanctificationis
688 2208 804 2248 tuae.

310 2268 610 2318 Sacerdotes
625 2271 699 2317 tui
714 2269 929 2317 induan-

248 2346 331 2384 tur
364 2336 633 2395 justitiam:
667 2340 696 2371 ²¹⁶
731 2345 778 2384 et
816 2352 927 2384 san-

249 2407 315 2453 cti
339 2406 414 2452 tui
437 2404 706 2454 exsultent.

308 2475 529 2535 Propter
538 2474 711 2523 David
723 2488 929 2522 servum

660 200 719 246 In
744 200 791 247 N
795 200 1023 245 ativitatc
1044 196 1268 246 Domini.

994 315 1160 366 tuum,
1185 308 1213 339 ὃς
1237 319 1341 352 non
1372 305 1575 353 avertas
1601 304 1675 351 fa-

994 378 1124 425 ciem
1147 376 1340 425 Christi
1363 375 1453 423 tui.

1054 447 1262 495 Juravit
1282 444 1538 494 Dominus
1570 445 1673 493 Da-

992 516 1081 564 vid
1097 517 1377 575 veritatem,
1391 523 1439 562 et
1451 529 1557 565 non
1574 515 1677 563 fru-

992 587 1241 635 strabitur
1265 601 1399 634 eam:
1426 587 1455 620 ³¹²
1473 585 1536 633 de
1566 585 1674 633 fru-

992 665 1077 705 ctu
1122 658 1317 704 ventris
1363 657 1438 703 tui
1485 671 1674 719 ponam

991 741 1147 789 super
1169 727 1340 775 sedem
1362 735 1517 775 tuam.
1678 770 1684 776 .

1052 798 1108 848 Si
1127 796 1461 845 custodierint
1478 797 1577 845 filii
1598 799 1673 845 tui

988 868 1346 916 testamentum
1368 881 1550 928 meum,
1571 870 1600 901 ’¹‘
1626 877 1674 915 et

989 938 1279 986 testimonia
1294 952 1405 985 mea
1420 938 1545 997 haec,
1558 952 1672 999 quae

990 1008 1189 1056 docebo
1216 1022 1327 1055 eos:

1051 1078 1119 1126 Et
1154 1078 1253 1125 filii
1294 1078 1469 1126 eorum
1508 1093 1671 1140 usque

988 1150 1042 1196 in
1075 1148 1342 1208 saeculum,
1368 1150 1397 1182 ³⁸
1423 1149 1672 1197 sedobunt

989 1233 1145 1280 super
1167 1218 1337 1266 sedem
1359 1227 1515 1268 tuam.

1052 1289 1305 1348 Quoniam
1326 1289 1477 1351 elegit
1493 1289 1673 1337 Domi-

987 1373 1085 1408 nus
1120 1359 1271 1409 Sion:
1307 1361 1336 1394 *
1373 1359 1524 1422 elegit
1561 1374 1672 1409 eam

987 1430 1043 1477 in
1063 1429 1430 1478 habitationem
1454 1431 1569 1478 sibi.

1045 1500 1177 1548 Haec
1187 1501 1389 1561 roquies
1400 1515 1510 1548 mea
1519 1503 1573 1548 in
1584 1502 1672 1549 Βώ-

988 1570 1161 1618 culum
1174 1571 1370 1619 saeculi:
1388 1572 1417 1603 ’¹‘
1432 1571 1515 1617 hic
1530 1571 1671 1620 habi·

987 1641 1109 1688 tabo
1128 1641 1368 1701 quoniam
1389 1640 1517 1701 elegi
1541 1654 1667 1690 eam.

1051 1710 1271 1758 Viduam
1312 1710 1418 1769 ejus
1464 1711 1669 1760 benedi-

989 1794 1108 1827 cens
1142 1781 1461 1828 benedicam:
1491 1783 1520 1815 ³⁸
1546 1782 1669 1843 pau-

988 1864 1136 1912 peres
1165 1850 1273 1910 ejus
1304 1852 1548 1900 saturabo
1581 1853 1669 1914 pa-

986 1920 1156 1968 nibus.

1050 1989 1351 2039 Sacerdotes
1383 1991 1491 2051 ejus
1524 1992 1668 2041 indu·

987 2073 1068 2107 am
1101 2060 1338 2108 salutdri:
1364 2062 1393 2095 ³¹²
1424 2069 1472 2108 et
1505 2063 1667 2110 sancti

987 2128 1094 2187 ejus
1126 2129 1465 2178 exsultatione
1499 2131 1666 2179 exsul-

986 2198 1182 2247 tabunt.

1047 2267 1181 2315 Hluc
1201 2269 1483 2330 producam
1506 2286 1667 2320 cornu

984 2337 1179 2396 David,
1217 2339 1245 2371 ‘³‘
1277 2340 1459 2399 paravi
1503 2341 1665 2389 lucor-

985 2421 1104 2455 nam
1127 2407 1333 2456 Christo
1356 2423 1486 2460 meo.

1046 2476 1292 2526 Inimicos
1319 2479 1432 2538 ejus
1458 2481 1667 2531 induam
