1954 2779
732 951 830 997 Die
853 953 895 999 2.
922 952 1210 999 Februarii.

319 1026 397 1085 111
434 1028 899 1087 Purificatione
937 1032 1009 1089 Β.
1047 1030 1268 1089 Mariae
1304 1030 1618 1106 Virginis.

633 1126 907 1186 Duplex
951 1128 995 1173 2.
1038 1126 1302 1173 classis.

322 1207 374 1255 si
391 1207 489 1254 hoc
504 1206 693 1254 festum
707 1206 945 1253 inciderit

258 1267 309 1313 in
341 1268 564 1329 aliquam
597 1267 809 1315 Domin.
841 1267 942 1327 pri-

258 1328 422 1392 vileg„
447 1329 759 1377 transfertur
781 1328 834 1374 in
854 1329 943 1375 Fe-

258 1391 381 1438 riam
404 1391 475 1440 11.
499 1400 763 1451 tamquam
786 1392 838 1437 in
868 1405 941 1437 se-

258 1451 366 1499 dem
385 1454 668 1515 propriam,
691 1451 939 1499 translato

258 1527 577 1576 quocumque
601 1514 734 1560 festo
755 1513 939 1574 Dupli-

258 1576 302 1622 ci
336 1589 398 1622 ex
418 1576 705 1636 majoribus
740 1582 824 1621 aut
849 1575 937 1622 ali—

258 1636 397 1695 cujus
409 1638 659 1685 Doctoris
674 1635 935 1694 Ecclesiae,

258 1698 401 1745 etiam
414 1699 643 1759 aequaIiS,
653 1712 759 1744 non
770 1705 936 1744 tamen

256 1759 449 1806 altioris
468 1761 616 1807 ritus·
639 1759 720 1806 De
737 1758 836 1804 alio
856 1773 937 1806 au-

254 1827 351 1866 tem
370 1821 500 1868 festo
514 1820 729 1881 Duplici
752 1820 935 1867 minori

257 1881 337 1928 vel
376 1881 436 1929 de
471 1880 810 1942 Semiduplici
854 1895 936 1928 oc-

255 1957 384 1991 curr.
406 1942 462 1990 fit
483 1946 696 1991 coffiem.
718 1943 772 1988 in
790 1944 937 1989 utris-

253 2017 349 2062 que
371 2005 618 2067 Vesperis
642 2012 689 2051 et
713 2003 873 2051 Laud.

369 2073 434 2120 In
465 2075 506 2121 1.
527 2072 808 2132 vesperis,

452 2135 669 2196 Antiph.
696 2137 737 2182 1.

257 2219 480 2276 μκή
528 2202 933 2251 admirabile

255 2326 258 2344 Ι
315 2287 390 2327 (cc.
474 2281 480 2303 1
536 2273 929 2325 commercium:

255 2374 296 2409 ,χ
321 2332 402 2402 ff,
460 2361 488 2411 [ςῑ
534 2343 752 2391 Creator
780 2345 928 2405 gene-

365 2408 376 2415 ’
433 2413 486 2441 '²²³
530 2413 607 2460 ris
629 2413 854 2474 humani,
878 2428 929 2461 a·

241 2462 694 2545 nimatumcorpus
706 2497 925 2543 sumens,
960 2482 1357 2562 ,virginitatemz
1413 2482 1510 2528 Dei
1567 2479 1666 2527 Ge'-

994 1197 1056 1245 de
1080 1197 1293 1260 Virgine
1326 1200 1466 1247 nasci
1501 1199 1676 1262 digna·

994 1277 1076 1316 tus
1095 1276 1193 1316 est:
1218 1278 1265 1316 et
1282 1269 1568 1332 procedens
1591 1271 1678 1319 ho—

995 1352 1075 1385 rno
1099 1339 1208 1387 sine
1230 1340 1436 1401 semine,
1459 1340 1676 1403 largitus

992 1420 1065 1458 est
1082 1410 1231 1458 nobis
1243 1425 1386 1459 suam
1400 1411 1672 1462 Deitatem.

1055 1494 1248 1542 Psalmi
1307 1507 1357 1544 ut
1411 1498 1463 1543 in
1510 1499 1548 1545 F
1555 1500 1674 1547 estis

997 1554 1055 1603 B.
1088 1556 1158 1603 M.
1193 1557 1256 1604 V.
1290 1553 1385 1613 [51]

1055 1635 1098 1681 2.
1123 1630 1335 1692 Quando
1354 1637 1503 1678 natus
1528 1645 1581 1678 es
1602 1633 1675 1677 in-

990 1701 1262 1748 effabiliter
1326 1714 1390 1746 ex
1443 1699 1670 1762 Virgine,

988 1780 1110 1820 tunc
1140 1770 1367 1833 impletae
1398 1779 1516 1817 sunt
1536 1771 1671 1819 Scri-

987 1841 1179 1902 pturae:
1228 1841 1360 1890 sicut
1394 1840 1573 1903 pluvia
1617 1842 1671 1889 in

988 1912 1154 1960 vellus
1217 1911 1550 1974 descendisti,
1615 1922 1671 1960 ut

987 1982 1188 2030 salvum
1246 1982 1440 2030 faceres
1504 1997 1669 2046 genus

987 2053 1290 2102 humanum:
1324 2060 1373 2099 te
1399 2053 1670 2100 laudamus

987 2123 1127 2170 Deus
1149 2131 1340 2170 noster.

1051 2203 1094 2250 3.
1128 2200 1355 2261 Rubum,
1398 2215 1550 2264 quem
1592 2199 1668 2247 vi-

985 2272 1127 2318 derat
1158 2271 1368 2331 M6yses
1401 2271 1668 2320 incombu-

985 2350 1134 2402 stum,
1150 2342 1503 2390 conservatam
1518 2342 1669 2404 agno-

985 2413 1154 2460 vimus
1183 2420 1323 2459 tuam
1354 2412 1667 2459 laudabilem
