<?xml version="1.0" encoding="UTF-8"?>
<!DOCTYPE html PUBLIC "-//W3C//DTD XHTML 1.0 Transitional//EN"
    "http://www.w3.org/TR/xhtml1/DTD/xhtml1-transitional.dtd">
<html xmlns="http://www.w3.org/1999/xhtml" xml:lang="en" lang="en">
 <head>
  <title>
</title>
<meta http-equiv="Content-Type" content="text/html;charset=utf-8" />
  <meta name='ocr-system' content='tesseract 3.04.00' />
  <meta name='ocr-capabilities' content='ocr_page ocr_carea ocr_par ocr_line ocrx_word'/>
</head>
<body>
  <div class='ocr_page' id='page_1' title='image "./horaediurnaebre00unkngoog_0587.png"; bbox 0 0 1954 2779; ppageno 0'>
   <div class='ocr_carea' id='block_1_1' title="bbox 703 221 1189 278">
    <p class='ocr_par' dir='ltr' id='par_1_1' title="bbox 703 221 1189 278">
     <span class='ocr_line' id='line_1_1' title="bbox 703 221 1189 278; baseline 0.012 -13"><span class='ocrx_word' id='word_1_1' title='bbox 703 221 848 267; x_wconf 68' lang='lat' dir='ltr'><strong>Festa</strong></span> <span class='ocrx_word' id='word_1_2' title='bbox 876 222 1037 268; x_wconf 57' lang='lat' dir='ltr'><strong>annii.</strong></span> <span class='ocrx_word' id='word_1_3' title='bbox 1074 224 1189 278; x_wconf 58' lang='lat'>‹304›</span> 
     </span>
    </p>
   </div>
   <div class='ocr_carea' id='block_1_2' title="bbox 237 322 916 596">
    <p class='ocr_par' dir='ltr' id='par_1_2' title="bbox 237 322 916 596">
     <span class='ocr_line' id='line_1_2' title="bbox 239 322 915 384; baseline 0.006 -15"><span class='ocrx_word' id='word_1_4' title='bbox 239 322 438 370; x_wconf 63' lang='lat' dir='ltr'><strong>dicator</strong></span> <span class='ocrx_word' id='word_1_5' title='bbox 459 323 707 384; x_wconf 61' lang='lat' dir='ltr'><strong>veritatiS,</strong></span> <span class='ocrx_word' id='word_1_6' title='bbox 740 332 788 372; x_wconf 90' lang='lat' dir='ltr'><strong>et</strong></span> <span class='ocrx_word' id='word_1_7' title='bbox 808 325 915 373; x_wconf 92' lang='lat' dir='ltr'><strong>Do-</strong></span> 
     </span>
     <span class='ocr_line' id='line_1_3' title="bbox 239 392 916 454; baseline 0.006 -15"><span class='ocrx_word' id='word_1_8' title='bbox 239 399 350 441; x_wconf 84' lang='lat' dir='ltr'><strong>etor</strong></span> <span class='ocrx_word' id='word_1_9' title='bbox 373 392 629 454; x_wconf 72' lang='lat' dir='ltr'><strong>Gentium,</strong></span> <span class='ocrx_word' id='word_1_10' title='bbox 658 394 916 443; x_wconf 74' lang='lat' dir='ltr'><strong>intercede</strong></span> 
     </span>
     <span class='ocr_line' id='line_1_4' title="bbox 238 463 914 527; baseline 0.007 -18"><span class='ocrx_word' id='word_1_11' title='bbox 238 477 333 524; x_wconf 92' lang='lat' dir='ltr'><strong>pro</strong></span> <span class='ocrx_word' id='word_1_12' title='bbox 357 463 511 512; x_wconf 84' lang='lat' dir='ltr'><strong>nobis</strong></span> <span class='ocrx_word' id='word_1_13' title='bbox 532 464 596 513; x_wconf 86' lang='lat' dir='ltr'><strong>ad</strong></span> <span class='ocrx_word' id='word_1_14' title='bbox 618 464 803 527; x_wconf 90' lang='lat' dir='ltr'><strong>Deum,</strong></span> <span class='ocrx_word' id='word_1_15' title='bbox 826 466 914 527; x_wconf 90' lang='lat' dir='ltr'><strong>qui</strong></span> 
     </span>
     <span class='ocr_line' id='line_1_5' title="bbox 237 533 475 596; baseline 0.017 -17"><span class='ocrx_word' id='word_1_16' title='bbox 237 541 286 580; x_wconf 89' lang='lat' dir='ltr'><strong>te</strong></span> <span class='ocrx_word' id='word_1_17' title='bbox 307 533 475 596; x_wconf 73' lang='lat' dir='ltr'><strong>elegit.</strong></span> 
     </span>
    </p>
   </div>
   <div class='ocr_carea' id='block_1_3' title="bbox 235 605 918 716">
    <p class='ocr_par' dir='ltr' id='par_1_3' title="bbox 235 605 918 716">
     <span class='ocr_line' id='line_1_6' title="bbox 302 605 918 654; baseline 0 -1"><span class='ocrx_word' id='word_1_18' title='bbox 302 605 481 654; x_wconf 85' lang='lat' dir='ltr'><strong>Oratio</strong></span> <span class='ocrx_word' id='word_1_19' title='bbox 502 607 562 653; x_wconf 92' lang='lat' dir='ltr'><strong>de</strong></span> <span class='ocrx_word' id='word_1_20' title='bbox 581 607 846 654; x_wconf 81' lang='lat' dir='ltr'>Laudibus</span> <span class='ocrx_word' id='word_1_21' title='bbox 867 614 918 654; x_wconf 81' lang='lat' dir='ltr'><strong>ut</strong></span> 
     </span>
     <span class='ocr_line' id='line_1_7' title="bbox 235 666 522 716; baseline 0.014 -5"><span class='ocrx_word' id='word_1_22' title='bbox 235 666 380 716; x_wconf 86' lang='lat' dir='ltr'><strong>infra.</strong></span> <span class='ocrx_word' id='word_1_23' title='bbox 415 666 522 715; x_wconf 79' lang='lat'><strong>452.</strong></span> 
     </span>
    </p>
   </div>
   <div class='ocr_carea' id='block_1_4' title="bbox 242 737 918 847">
    <p class='ocr_par' dir='ltr' id='par_1_4' title="bbox 242 737 918 847">
     <span class='ocr_line' id='line_1_8' title="bbox 299 737 918 786; baseline 0.002 -2"><span class='ocrx_word' id='word_1_24' title='bbox 299 737 501 784; x_wconf 80' lang='lat' dir='ltr'><strong>Deinde</strong></span> <span class='ocrx_word' id='word_1_25' title='bbox 521 738 576 784; x_wconf 92' lang='lat' dir='ltr'><strong>fit</strong></span> <span class='ocrx_word' id='word_1_26' title='bbox 594 752 918 786; x_wconf 85' lang='lat' dir='ltr'><strong>commemor.</strong></span> 
     </span>
     <span class='ocr_line' id='line_1_9' title="bbox 242 798 707 847; baseline 0.002 -1"><span class='ocrx_word' id='word_1_27' title='bbox 242 798 291 847; x_wconf 81' lang='lat' dir='ltr'><strong>S.</strong></span> <span class='ocrx_word' id='word_1_28' title='bbox 313 799 456 847; x_wconf 89' lang='lat' dir='ltr'><strong>Petri</strong></span> <span class='ocrx_word' id='word_1_29' title='bbox 479 809 534 846; x_wconf 91' lang='lat' dir='ltr'><strong>ut</strong></span> <span class='ocrx_word' id='word_1_30' title='bbox 560 799 707 847; x_wconf 85' lang='lat' dir='ltr'><strong>infra.</strong></span> 
     </span>
    </p>
   </div>
   <div class='ocr_carea' id='block_1_5' title="bbox 235 869 919 992">
    <p class='ocr_par' dir='ltr' id='par_1_5' title="bbox 235 869 919 992">
     <span class='ocr_line' id='line_1_10' title="bbox 273 869 919 917; baseline -0.002 -2"><span class='ocrx_word' id='word_1_31' title='bbox 273 869 340 915; x_wconf 89' lang='lat' dir='ltr'><strong>Et</strong></span> <span class='ocrx_word' id='word_1_32' title='bbox 357 884 462 916; x_wconf 90' lang='lat' dir='ltr'><strong>non</strong></span> <span class='ocrx_word' id='word_1_33' title='bbox 481 870 536 917; x_wconf 89' lang='lat' dir='ltr'><strong>fit</strong></span> <span class='ocrx_word' id='word_1_34' title='bbox 554 873 682 916; x_wconf 69' lang='lat' dir='ltr'><strong>corii.</strong></span> <span class='ocrx_word' id='word_1_35' title='bbox 703 870 752 917; x_wconf 81' lang='lat' dir='ltr'><strong>S.</strong></span> <span class='ocrx_word' id='word_1_36' title='bbox 767 869 919 916; x_wconf 80' lang='lat' dir='ltr'><strong>Joan-</strong></span> 
     </span>
     <span class='ocr_line' id='line_1_11' title="bbox 235 931 895 992; baseline 0.002 -17"><span class='ocrx_word' id='word_1_37' title='bbox 235 931 326 988; x_wconf 89' lang='lat' dir='ltr'><strong>nis,</strong></span> <span class='ocrx_word' id='word_1_38' title='bbox 348 945 514 992; x_wconf 90' lang='lat' dir='ltr'><strong>neque</strong></span> <span class='ocrx_word' id='word_1_39' title='bbox 538 933 590 977; x_wconf 88' lang='lat' dir='ltr'><strong>in</strong></span> <span class='ocrx_word' id='word_1_40' title='bbox 613 931 895 978; x_wconf 80' lang='lat' dir='ltr'><strong>Laudibus.</strong></span> 
     </span>
    </p>
   </div>
   <div class='ocr_carea' id='block_1_6' title="bbox 227 1000 944 1540">
    <p class='ocr_par' dir='ltr' id='par_1_6' title="bbox 227 1000 944 1540">
     <span class='ocr_line' id='line_1_12' title="bbox 294 1000 916 1049; baseline -0.006 0"><span class='ocrx_word' id='word_1_41' title='bbox 294 1001 349 1049; x_wconf 87' lang='lat' dir='ltr'><strong>Si</strong></span> <span class='ocrx_word' id='word_1_42' title='bbox 384 1015 651 1049; x_wconf 84' lang='lat' dir='ltr'><strong>commem.</strong></span> <span class='ocrx_word' id='word_1_43' title='bbox 690 1000 743 1049; x_wconf 84' lang='lat' dir='ltr'><strong>S.</strong></span> <span class='ocrx_word' id='word_1_44' title='bbox 767 1000 916 1047; x_wconf 87' lang='lat' dir='ltr'><strong>Pauli</strong></span> 
     </span>
     <span class='ocr_line' id='line_1_13' title="bbox 235 1062 944 1111; baseline 0 -5"><span class='ocrx_word' id='word_1_45' title='bbox 235 1064 428 1109; x_wconf 87' lang='lat' dir='ltr'><strong>venerit</strong></span> <span class='ocrx_word' id='word_1_46' title='bbox 461 1064 517 1109; x_wconf 89' lang='lat' dir='ltr'><strong>in</strong></span> <span class='ocrx_word' id='word_1_47' title='bbox 546 1062 627 1108; x_wconf 91' lang='lat' dir='ltr'><strong>die</strong></span> <span class='ocrx_word' id='word_1_48' title='bbox 653 1063 764 1111; x_wconf 87' lang='lat' dir='ltr'><strong>Oet.</strong></span> <span class='ocrx_word' id='word_1_49' title='bbox 793 1062 915 1109; x_wconf 90' lang='lat' dir='ltr'><strong>Cor-</strong></span> <span class='ocrx_word' id='word_1_50' title='bbox 941 1075 944 1094; x_wconf 56' lang='lat' dir='ltr'><strong>i</strong></span> 
     </span>
     <span class='ocr_line' id='line_1_14' title="bbox 233 1124 917 1184; baseline -0.003 -14"><span class='ocrx_word' id='word_1_51' title='bbox 233 1124 372 1184; x_wconf 86' lang='lat' dir='ltr'><strong>poris</strong></span> <span class='ocrx_word' id='word_1_52' title='bbox 401 1124 611 1182; x_wconf 84' lang='lat' dir='ltr'>Christi,</span> <span class='ocrx_word' id='word_1_53' title='bbox 635 1131 779 1169; x_wconf 86' lang='lat' dir='ltr'><strong>extra</strong></span> <span class='ocrx_word' id='word_1_54' title='bbox 802 1137 917 1184; x_wconf 91' lang='lat' dir='ltr'><strong>pro-</strong></span> 
     </span>
     <span class='ocr_line' id='line_1_15' title="bbox 229 1183 915 1245; baseline -0.003 -15"><span class='ocrx_word' id='word_1_55' title='bbox 229 1185 392 1245; x_wconf 86' lang='lat' dir='ltr'><strong>priam</strong></span> <span class='ocrx_word' id='word_1_56' title='bbox 409 1185 591 1232; x_wconf 81' lang='lat' dir='ltr'><strong>eeeleS.</strong></span> <span class='ocrx_word' id='word_1_57' title='bbox 608 1183 915 1231; x_wconf 82' lang='lat' dir='ltr'><strong>transfertur</strong></span> 
     </span>
     <span class='ocr_line' id='line_1_16' title="bbox 230 1244 913 1307; baseline -0.003 -16"><span class='ocrx_word' id='word_1_58' title='bbox 230 1246 280 1292; x_wconf 89' lang='lat' dir='ltr'><strong>in</strong></span> <span class='ocrx_word' id='word_1_59' title='bbox 324 1248 547 1307; x_wconf 85' lang='lat' dir='ltr'><strong>primam</strong></span> <span class='ocrx_word' id='word_1_60' title='bbox 605 1246 737 1292; x_wconf 89' lang='lat' dir='ltr'><strong>diem</strong></span> <span class='ocrx_word' id='word_1_61' title='bbox 779 1244 913 1290; x_wconf 86' lang='lat' dir='ltr'><strong>infra</strong></span> 
     </span>
     <span class='ocr_line' id='line_1_17' title="bbox 231 1306 911 1366; baseline -0.004 -11"><span class='ocrx_word' id='word_1_62' title='bbox 231 1307 368 1366; x_wconf 85' lang='lat' dir='ltr'><strong>Oet.,</strong></span> <span class='ocrx_word' id='word_1_63' title='bbox 408 1308 620 1354; x_wconf 90' lang='lat' dir='ltr'><strong>Domin.</strong></span> <span class='ocrx_word' id='word_1_64' title='bbox 663 1307 748 1353; x_wconf 77' lang='lat' dir='ltr'><strong>vel</strong></span> <span class='ocrx_word' id='word_1_65' title='bbox 780 1306 911 1353; x_wconf 90' lang='lat' dir='ltr'><strong>festo</strong></span> 
     </span>
     <span class='ocr_line' id='line_1_18' title="bbox 227 1369 940 1430; baseline 0 -15"><span class='ocrx_word' id='word_1_66' title='bbox 227 1383 328 1416; x_wconf 88' lang='lat' dir='ltr'><strong>non</strong></span> <span class='ocrx_word' id='word_1_67' title='bbox 342 1369 668 1430; x_wconf 85' lang='lat' dir='ltr'><strong>impeditam:</strong></span> <span class='ocrx_word' id='word_1_68' title='bbox 690 1376 738 1416; x_wconf 91' lang='lat' dir='ltr'><strong>et</strong></span> <span class='ocrx_word' id='word_1_69' title='bbox 749 1374 911 1416; x_wconf 88' lang='lat' dir='ltr'><strong>totum</strong></span> <span class='ocrx_word' id='word_1_70' title='bbox 937 1412 940 1421; x_wconf 33' lang='lat' dir='ltr'><strong><em>f</em></strong></span> 
     </span>
     <span class='ocr_line' id='line_1_19' title="bbox 230 1430 910 1492; baseline -0.001 -14"><span class='ocrx_word' id='word_1_71' title='bbox 230 1431 379 1478; x_wconf 84' lang='lat' dir='ltr'><strong>Offie.</strong></span> <span class='ocrx_word' id='word_1_72' title='bbox 419 1431 480 1477; x_wconf 85' lang='lat' dir='ltr'><strong>fit</strong></span> <span class='ocrx_word' id='word_1_73' title='bbox 525 1438 580 1478; x_wconf 85' lang='lat' dir='ltr'><strong>ut</strong></span> <span class='ocrx_word' id='word_1_74' title='bbox 613 1432 665 1477; x_wconf 91' lang='lat' dir='ltr'><strong>in</strong></span> <span class='ocrx_word' id='word_1_75' title='bbox 698 1430 910 1492; x_wconf 86' lang='lat' dir='ltr'><strong>propria</strong></span> 
     </span>
     <span class='ocr_line' id='line_1_20' title="bbox 230 1492 460 1540; baseline 0.009 -3"><span class='ocrx_word' id='word_1_76' title='bbox 230 1492 460 1540; x_wconf 84' lang='lat' dir='ltr'><strong>ecelesia.</strong></span> 
     </span>
    </p>
   </div>
   <div class='ocr_carea' id='block_1_7' title="bbox 375 1611 759 1661">
    <p class='ocr_par' dir='ltr' id='par_1_7' title="bbox 375 1611 759 1661">
     <span class='ocr_line' id='line_1_21' title="bbox 375 1611 759 1661; baseline 0 -1"><span class='ocrx_word' id='word_1_77' title='bbox 375 1613 477 1660; x_wconf 90' lang='lat' dir='ltr'><strong>Die</strong></span> <span class='ocrx_word' id='word_1_78' title='bbox 498 1611 573 1661; x_wconf 89' lang='lat'><strong>30.</strong></span> <span class='ocrx_word' id='word_1_79' title='bbox 598 1612 635 1661; x_wconf 85' lang='lat' dir='ltr'><em>J</em></span> <span class='ocrx_word' id='word_1_80' title='bbox 635 1613 759 1661; x_wconf 89' lang='lat' dir='ltr'><strong>unii.</strong></span> 
     </span>
    </p>
   </div>
   <div class='ocr_carea' id='block_1_8' title="bbox 157 1692 906 2566">
    <p class='ocr_par' dir='ltr' id='par_1_8' title="bbox 233 1692 906 1905">
     <span class='ocr_line' id='line_1_22' title="bbox 305 1692 832 1742; baseline 0.008 -4"><span class='ocrx_word' id='word_1_81' title='bbox 305 1692 364 1739; x_wconf 90' lang='lat' dir='ltr'><strong>In</strong></span> <span class='ocrx_word' id='word_1_82' title='bbox 390 1696 832 1742; x_wconf 74' lang='lat' dir='ltr'><strong>Coffiemoratione</strong></span> 
     </span>
     <span class='ocr_line' id='line_1_23' title="bbox 233 1759 906 1825; baseline -0.001 -13"><span class='ocrx_word' id='word_1_83' title='bbox 233 1759 445 1814; x_wconf 79' lang='lat' dir='ltr'><strong>Sancti</strong></span> <span class='ocrx_word' id='word_1_84' title='bbox 460 1762 634 1814; x_wconf 80' lang='lat' dir='ltr'><strong>Pauli</strong></span> <span class='ocrx_word' id='word_1_85' title='bbox 649 1765 906 1825; x_wconf 80' lang='lat' dir='ltr'><strong>Apostoli.</strong></span> 
     </span>
     <span class='ocr_line' id='line_1_24' title="bbox 361 1840 770 1905; baseline -0.002 -13"><span class='ocrx_word' id='word_1_86' title='bbox 361 1840 571 1905; x_wconf 81' lang='lat' dir='ltr'><strong>Duplex</strong></span> <span class='ocrx_word' id='word_1_87' title='bbox 596 1845 770 1902; x_wconf 76' lang='lat' dir='ltr'><strong>majus.</strong></span> 
     </span>
    </p>

    <p class='ocr_par' dir='ltr' id='par_1_9' title="bbox 340 1926 795 2066">
     <span class='ocr_line' id='line_1_25' title="bbox 404 1926 728 1975; baseline 0.009 -3"><span class='ocrx_word' id='word_1_88' title='bbox 404 1926 491 1974; x_wconf 89' lang='lat' dir='ltr'><strong>Ad</strong></span> <span class='ocrx_word' id='word_1_89' title='bbox 512 1927 728 1975; x_wconf 81' lang='lat' dir='ltr'><strong>Laudes</strong></span> 
     </span>
     <span class='ocr_line' id='line_1_26' title="bbox 340 2004 795 2066; baseline 0.007 -18"><span class='ocrx_word' id='word_1_90' title='bbox 340 2012 396 2049; x_wconf 90' lang='lat' dir='ltr'><strong>et</strong></span> <span class='ocrx_word' id='word_1_91' title='bbox 431 2017 539 2066; x_wconf 79' lang='lat' dir='ltr'><strong>per</strong></span> <span class='ocrx_word' id='word_1_92' title='bbox 572 2004 795 2051; x_wconf 83' lang='lat' dir='ltr'><strong>Horas.</strong></span> 
     </span>
    </p>

    <p class='ocr_par' dir='ltr' id='par_1_10' title="bbox 227 2074 905 2352">
     <span class='ocr_line' id='line_1_27' title="bbox 293 2074 905 2136; baseline -0.002 -13"><span class='ocrx_word' id='word_1_93' title='bbox 293 2077 411 2123; x_wconf 86' lang='lat' dir='ltr'><strong>Ant.</strong></span> <span class='ocrx_word' id='word_1_94' title='bbox 435 2079 471 2123; x_wconf 91' lang='lat' dir='ltr'><strong>l.</strong></span> <span class='ocrx_word' id='word_1_95' title='bbox 490 2076 601 2134; x_wconf 86' lang='lat' dir='ltr'><strong>Ego</strong></span> <span class='ocrx_word' id='word_1_96' title='bbox 616 2074 863 2136; x_wconf 62' lang='lat' dir='ltr'><strong>plantdvi,</strong></span> <span class='ocrx_word' id='word_1_97' title='bbox 876 2077 905 2109; x_wconf 70' lang='lat'><strong>&#39;¹‘</strong></span> 
     </span>
     <span class='ocr_line' id='line_1_28' title="bbox 229 2144 904 2206; baseline 0.003 -15"><span class='ocrx_word' id='word_1_98' title='bbox 229 2144 418 2206; x_wconf 73' lang='lat' dir='ltr'><strong>Apollo</strong></span> <span class='ocrx_word' id='word_1_99' title='bbox 435 2144 641 2206; x_wconf 59' lang='lat' dir='ltr'><strong>rigavit,</strong></span> <span class='ocrx_word' id='word_1_100' title='bbox 657 2144 800 2192; x_wconf 91' lang='lat' dir='ltr'><strong>Deus</strong></span> <span class='ocrx_word' id='word_1_101' title='bbox 818 2160 904 2193; x_wconf 89' lang='lat' dir='ltr'><strong>au-</strong></span> 
     </span>
     <span class='ocr_line' id='line_1_29' title="bbox 229 2214 902 2277; baseline 0.006 -18"><span class='ocrx_word' id='word_1_102' title='bbox 229 2220 326 2260; x_wconf 93' lang='lat' dir='ltr'><strong>tem</strong></span> <span class='ocrx_word' id='word_1_103' title='bbox 356 2214 727 2262; x_wconf 77' lang='lat' dir='ltr'><strong>incrementum</strong></span> <span class='ocrx_word' id='word_1_104' title='bbox 750 2215 902 2277; x_wconf 90' lang='lat' dir='ltr'><strong>dedit,</strong></span> 
     </span>
     <span class='ocr_line' id='line_1_30' title="bbox 227 2282 808 2352; baseline 0.009 -22"><span class='ocrx_word' id='word_1_105' title='bbox 227 2282 445 2346; x_wconf 69' lang='lat' dir='ltr'><strong>allelt&#39;lja.</strong></span> <span class='ocrx_word' id='word_1_106' title='bbox 804 2346 808 2352; x_wconf 89' lang='lat'><strong>.</strong></span> 
     </span>
    </p>

    <p class='ocr_par' dir='ltr' id='par_1_11' title="bbox 157 2358 905 2499">
     <span class='ocr_line' id='line_1_31' title="bbox 287 2358 842 2406; baseline 0 -1"><span class='ocrx_word' id='word_1_107' title='bbox 287 2358 370 2405; x_wconf 77' lang='lat' dir='ltr'><strong>Ps.</strong></span> <span class='ocrx_word' id='word_1_108' title='bbox 396 2358 457 2403; x_wconf 88' lang='lat' dir='ltr'><strong>de</strong></span> <span class='ocrx_word' id='word_1_109' title='bbox 481 2358 769 2406; x_wconf 77' lang='lat' dir='ltr'><strong>Dominiea.</strong></span> <span class='ocrx_word' id='word_1_110' title='bbox 801 2359 842 2405; x_wconf 90' lang='lat'><strong>1.</strong></span> 
     </span>
     <span class='ocr_line' id='line_1_32' title="bbox 157 2434 905 2499; baseline 0.001 -17"><span class='ocrx_word' id='word_1_111' title='bbox 157 2491 165 2499; x_wconf 29' lang='lat'><em>⁶</em></span> <span class='ocrx_word' id='word_1_112' title='bbox 285 2438 328 2484; x_wconf 78' lang='lat'><strong>2.</strong></span> <span class='ocrx_word' id='word_1_113' title='bbox 363 2435 614 2484; x_wconf 74' lang='lat' dir='ltr'><strong>Libenter</strong></span> <span class='ocrx_word' id='word_1_114' title='bbox 641 2434 905 2497; x_wconf 66' lang='lat' dir='ltr'><strong>gloriabor</strong></span> 
     </span>
    </p>

    <p class='ocr_par' dir='ltr' id='par_1_12' title="bbox 227 2502 902 2566">
     <span class='ocr_line' id='line_1_33' title="bbox 227 2502 902 2566; baseline 0.006 -17"><span class='ocrx_word' id='word_1_115' title='bbox 227 2503 255 2535; x_wconf 66' lang='lat'><strong>³³³</strong></span> <span class='ocrx_word' id='word_1_116' title='bbox 271 2502 323 2550; x_wconf 91' lang='lat' dir='ltr'><strong>in</strong></span> <span class='ocrx_word' id='word_1_117' title='bbox 347 2505 735 2553; x_wconf 57' lang='lat' dir='ltr'><strong>infirmitatibus</strong></span> <span class='ocrx_word' id='word_1_118' title='bbox 760 2507 902 2566; x_wconf 85' lang='lat' dir='ltr'><strong>meiS,</strong></span> 
     </span>
    </p>
   </div>
   <div class='ocr_carea' id='block_1_9' title="bbox 1560 223 1648 268">
    <p class='ocr_par' dir='ltr' id='par_1_13' title="bbox 1560 223 1648 268">
     <span class='ocr_line' id='line_1_34' title="bbox 1560 223 1648 268; baseline 0 0"><span class='ocrx_word' id='word_1_119' title='bbox 1560 223 1648 268; x_wconf 83' lang='lat'><strong>451</strong></span> 
     </span>
    </p>
   </div>
   <div class='ocr_carea' id='block_1_10' title="bbox 971 328 1653 683">
    <p class='ocr_par' dir='ltr' id='par_1_14' title="bbox 972 328 1652 448">
     <span class='ocr_line' id='line_1_35' title="bbox 972 328 1652 381; baseline 0.01 -7"><span class='ocrx_word' id='word_1_120' title='bbox 972 335 1029 375; x_wconf 92' lang='lat' dir='ltr'><strong>ut</strong></span> <span class='ocrx_word' id='word_1_121' title='bbox 1052 328 1304 377; x_wconf 62' lang='lat' dir='ltr'><strong>inhabitet</strong></span> <span class='ocrx_word' id='word_1_122' title='bbox 1319 331 1374 378; x_wconf 93' lang='lat' dir='ltr'><strong>in</strong></span> <span class='ocrx_word' id='word_1_123' title='bbox 1390 345 1471 379; x_wconf 89' lang='lat' dir='ltr'><strong>me</strong></span> <span class='ocrx_word' id='word_1_124' title='bbox 1488 334 1652 381; x_wconf 86' lang='lat' dir='ltr'><strong>virtus</strong></span> 
     </span>
     <span class='ocr_line' id='line_1_36' title="bbox 974 399 1182 448; baseline 0.01 -2"><span class='ocrx_word' id='word_1_125' title='bbox 974 399 1182 448; x_wconf 89' lang='lat' dir='ltr'><strong>Christi.</strong></span> 
     </span>
    </p>

    <p class='ocr_par' dir='ltr' id='par_1_15' title="bbox 971 480 1653 683">
     <span class='ocr_line' id='line_1_37' title="bbox 1034 480 1653 529; baseline 0.008 -5"><span class='ocrx_word' id='word_1_126' title='bbox 1034 480 1077 525; x_wconf 86' lang='grc'><strong>.3.</strong></span> <span class='ocrx_word' id='word_1_127' title='bbox 1114 481 1292 528; x_wconf 57' lang='lat' dir='ltr'><strong>Gratia</strong></span> <span class='ocrx_word' id='word_1_128' title='bbox 1314 480 1413 528; x_wconf 88' lang='lat' dir='ltr'><strong>Dei</strong></span> <span class='ocrx_word' id='word_1_129' title='bbox 1437 480 1467 514; x_wconf 84' lang='grc'><strong>*</strong></span> <span class='ocrx_word' id='word_1_130' title='bbox 1489 481 1544 529; x_wconf 92' lang='lat' dir='ltr'><strong>in</strong></span> <span class='ocrx_word' id='word_1_131' title='bbox 1573 496 1653 529; x_wconf 91' lang='lat' dir='ltr'><strong>me</strong></span> 
     </span>
     <span class='ocr_line' id='line_1_38' title="bbox 971 549 1653 614; baseline 0.006 -18"><span class='ocrx_word' id='word_1_132' title='bbox 971 549 1136 597; x_wconf 57' lang='lat' dir='ltr'><strong>vacua</strong></span> <span class='ocrx_word' id='word_1_133' title='bbox 1148 565 1253 599; x_wconf 92' lang='lat' dir='ltr'><strong>non</strong></span> <span class='ocrx_word' id='word_1_134' title='bbox 1262 551 1374 612; x_wconf 89' lang='lat' dir='ltr'><strong>fuit,</strong></span> <span class='ocrx_word' id='word_1_135' title='bbox 1387 552 1475 599; x_wconf 83' lang='lat' dir='ltr'><strong>sed</strong></span> <span class='ocrx_word' id='word_1_136' title='bbox 1487 552 1653 614; x_wconf 54' lang='lat' dir='ltr'><strong>gretia</strong></span> 
     </span>
     <span class='ocr_line' id='line_1_39' title="bbox 971 619 1650 683; baseline 0.006 -17"><span class='ocrx_word' id='word_1_137' title='bbox 971 619 1078 679; x_wconf 88' lang='lat' dir='ltr'><strong>ejus</strong></span> <span class='ocrx_word' id='word_1_138' title='bbox 1093 633 1295 683; x_wconf 84' lang='lat' dir='ltr'><strong>semper</strong></span> <span class='ocrx_word' id='word_1_139' title='bbox 1307 623 1361 669; x_wconf 92' lang='lat' dir='ltr'><strong>in</strong></span> <span class='ocrx_word' id='word_1_140' title='bbox 1373 636 1454 670; x_wconf 91' lang='lat' dir='ltr'><strong>me</strong></span> <span class='ocrx_word' id='word_1_141' title='bbox 1465 631 1650 670; x_wconf 89' lang='lat' dir='ltr'><strong>manet.</strong></span> 
     </span>
    </p>
   </div>
   <div class='ocr_carea' id='block_1_11' title="bbox 966 701 1650 1544">
    <p class='ocr_par' dir='ltr' id='par_1_16' title="bbox 968 701 1650 1239">
     <span class='ocr_line' id='line_1_40' title="bbox 1035 701 1650 763; baseline 0.008 -18"><span class='ocrx_word' id='word_1_142' title='bbox 1035 703 1076 746; x_wconf 77' lang='lat'><strong>4.</strong></span> <span class='ocrx_word' id='word_1_143' title='bbox 1120 701 1360 750; x_wconf 57' lang='lat' dir='ltr'><strong>Damasci</strong></span> <span class='ocrx_word' id='word_1_144' title='bbox 1403 701 1650 763; x_wconf 77' lang='lat' dir='ltr'><strong>praeposi-</strong></span> 
     </span>
     <span class='ocr_line' id='line_1_41' title="bbox 970 770 1649 836; baseline 0.007 -19"><span class='ocrx_word' id='word_1_145' title='bbox 970 777 1052 817; x_wconf 84' lang='lat' dir='ltr'><strong>tus</strong></span> <span class='ocrx_word' id='word_1_146' title='bbox 1076 770 1105 803; x_wconf 85' lang='grc'><strong><em>*</em></strong></span> <span class='ocrx_word' id='word_1_147' title='bbox 1129 772 1294 831; x_wconf 89' lang='lat' dir='ltr'><strong>gentis</strong></span> <span class='ocrx_word' id='word_1_148' title='bbox 1318 773 1489 822; x_wconf 77' lang='lat' dir='ltr'><strong>Aretae</strong></span> <span class='ocrx_word' id='word_1_149' title='bbox 1513 775 1649 836; x_wconf 85' lang='lat' dir='ltr'><strong>regis</strong></span> 
     </span>
     <span class='ocr_line' id='line_1_42' title="bbox 969 840 1648 905; baseline 0.01 -19"><span class='ocrx_word' id='word_1_150' title='bbox 969 840 1137 888; x_wconf 78' lang='lat' dir='ltr'><strong>voluit</strong></span> <span class='ocrx_word' id='word_1_151' title='bbox 1182 855 1263 888; x_wconf 91' lang='lat' dir='ltr'><strong>me</strong></span> <span class='ocrx_word' id='word_1_152' title='bbox 1316 845 1648 905; x_wconf 76' lang='lat' dir='ltr'><strong>eomprehen-</strong></span> 
     </span>
     <span class='ocr_line' id='line_1_43' title="bbox 969 910 1647 976; baseline 0.009 -19"><span class='ocrx_word' id='word_1_153' title='bbox 969 910 1115 958; x_wconf 86' lang='lat' dir='ltr'><strong>dere:</strong></span> <span class='ocrx_word' id='word_1_154' title='bbox 1169 925 1198 958; x_wconf 88' lang='lat' dir='ltr'>a</span> <span class='ocrx_word' id='word_1_155' title='bbox 1255 911 1502 961; x_wconf 65' lang='lat' dir='ltr'><strong>fratribus</strong></span> <span class='ocrx_word' id='word_1_156' title='bbox 1555 929 1647 976; x_wconf 89' lang='lat' dir='ltr'><strong>per</strong></span> 
     </span>
     <span class='ocr_line' id='line_1_44' title="bbox 968 980 1648 1032; baseline 0.007 -5"><span class='ocrx_word' id='word_1_157' title='bbox 968 994 1173 1028; x_wconf 89' lang='lat' dir='ltr'><strong>murum</strong></span> <span class='ocrx_word' id='word_1_158' title='bbox 1195 980 1446 1030; x_wconf 81' lang='lat' dir='ltr'><strong>demissus</strong></span> <span class='ocrx_word' id='word_1_159' title='bbox 1464 998 1577 1032; x_wconf 91' lang='lat' dir='ltr'><strong>sum</strong></span> <span class='ocrx_word' id='word_1_160' title='bbox 1595 986 1648 1032; x_wconf 91' lang='lat' dir='ltr'><strong>in</strong></span> 
     </span>
     <span class='ocr_line' id='line_1_45' title="bbox 969 1052 1648 1112; baseline 0.007 -16"><span class='ocrx_word' id='word_1_161' title='bbox 969 1059 1161 1112; x_wconf 84' lang='lat' dir='ltr'><strong>sporta,</strong></span> <span class='ocrx_word' id='word_1_162' title='bbox 1193 1059 1243 1098; x_wconf 90' lang='lat' dir='ltr'><strong>et</strong></span> <span class='ocrx_word' id='word_1_163' title='bbox 1273 1052 1348 1099; x_wconf 85' lang='lat' dir='ltr'><strong>sie</strong></span> <span class='ocrx_word' id='word_1_164' title='bbox 1381 1053 1522 1101; x_wconf 59' lang='lat' dir='ltr'><strong>evasi</strong></span> <span class='ocrx_word' id='word_1_165' title='bbox 1544 1069 1648 1101; x_wconf 86' lang='lat' dir='ltr'><strong>ma-</strong></span> 
     </span>
     <span class='ocr_line' id='line_1_46' title="bbox 968 1121 1648 1181; baseline 0.006 -13"><span class='ocrx_word' id='word_1_166' title='bbox 968 1135 1066 1168; x_wconf 84' lang='lat' dir='ltr'><strong>nus</strong></span> <span class='ocrx_word' id='word_1_167' title='bbox 1098 1121 1204 1181; x_wconf 88' lang='lat' dir='ltr'><strong>ejus</strong></span> <span class='ocrx_word' id='word_1_168' title='bbox 1238 1123 1292 1169; x_wconf 89' lang='lat' dir='ltr'><strong>in</strong></span> <span class='ocrx_word' id='word_1_169' title='bbox 1314 1121 1520 1171; x_wconf 77' lang='lat' dir='ltr'><strong>nomine</strong></span> <span class='ocrx_word' id='word_1_170' title='bbox 1542 1124 1648 1172; x_wconf 77' lang='lat' dir='ltr'><strong>Do-</strong></span> 
     </span>
     <span class='ocr_line' id='line_1_47' title="bbox 968 1191 1111 1239; baseline 0.007 -1"><span class='ocrx_word' id='word_1_171' title='bbox 968 1191 1111 1239; x_wconf 89' lang='lat' dir='ltr'><strong>mini.</strong></span> 
     </span>
    </p>

    <p class='ocr_par' dir='ltr' id='par_1_17' title="bbox 966 1271 1648 1544">
     <span class='ocr_line' id='line_1_48' title="bbox 1034 1271 1648 1333; baseline 0.005 -15"><span class='ocrx_word' id='word_1_172' title='bbox 1034 1273 1076 1319; x_wconf 83' lang='lat'><strong>5.</strong></span> <span class='ocrx_word' id='word_1_173' title='bbox 1143 1273 1242 1319; x_wconf 85' lang='lat' dir='ltr'><strong>Ter</strong></span> <span class='ocrx_word' id='word_1_174' title='bbox 1280 1271 1442 1333; x_wconf 85' lang='lat' dir='ltr'><strong>virgis</strong></span> <span class='ocrx_word' id='word_1_175' title='bbox 1486 1288 1648 1321; x_wconf 86' lang='lat' dir='ltr'><strong>caesus</strong></span> 
     </span>
     <span class='ocr_line' id='line_1_49' title="bbox 967 1341 1646 1407; baseline 0.01 -21"><span class='ocrx_word' id='word_1_176' title='bbox 967 1354 1103 1402; x_wconf 90' lang='lat' dir='ltr'><strong>sum,</strong></span> <span class='ocrx_word' id='word_1_177' title='bbox 1139 1343 1168 1375; x_wconf 85' lang='grc'><strong><em>*</em></strong></span> <span class='ocrx_word' id='word_1_178' title='bbox 1200 1342 1357 1389; x_wconf 89' lang='lat' dir='ltr'><strong>semel</strong></span> <span class='ocrx_word' id='word_1_179' title='bbox 1387 1341 1646 1407; x_wconf 61' lang='lat' dir='ltr'><strong>lapidatus</strong></span> 
     </span>
     <span class='ocr_line' id='line_1_50' title="bbox 967 1412 1646 1478; baseline 0.009 -21"><span class='ocrx_word' id='word_1_180' title='bbox 967 1425 1095 1471; x_wconf 89' lang='lat' dir='ltr'><strong>sum,</strong></span> <span class='ocrx_word' id='word_1_181' title='bbox 1108 1420 1185 1460; x_wconf 90' lang='lat' dir='ltr'><strong>ter</strong></span> <span class='ocrx_word' id='word_1_182' title='bbox 1194 1412 1375 1461; x_wconf 59' lang='lat' dir='ltr'><strong>naufrd</strong></span> <span class='ocrx_word' id='word_1_183' title='bbox 1381 1414 1522 1475; x_wconf 88' lang='lat' dir='ltr'><strong>gium</strong></span> <span class='ocrx_word' id='word_1_184' title='bbox 1532 1416 1646 1478; x_wconf 77' lang='lat' dir='ltr'><strong>per-</strong></span> 
     </span>
     <span class='ocr_line' id='line_1_51' title="bbox 966 1481 1643 1544; baseline 0.007 -17"><span class='ocrx_word' id='word_1_185' title='bbox 966 1481 1060 1529; x_wconf 91' lang='lat' dir='ltr'><strong>tuli</strong></span> <span class='ocrx_word' id='word_1_186' title='bbox 1084 1496 1179 1544; x_wconf 90' lang='lat' dir='ltr'><strong>pro</strong></span> <span class='ocrx_word' id='word_1_187' title='bbox 1208 1483 1401 1531; x_wconf 88' lang='lat' dir='ltr'><strong>Christi</strong></span> <span class='ocrx_word' id='word_1_188' title='bbox 1421 1484 1643 1532; x_wconf 78' lang='lat' dir='ltr'><strong>nomine.</strong></span> 
     </span>
    </p>
   </div>
   <div class='ocr_carea' id='block_1_12' title="bbox 959 1573 1687 2434">
    <p class='ocr_par' dir='ltr' id='par_1_18' title="bbox 959 1573 1687 2434">
     <span class='ocr_line' id='line_1_52' title="bbox 1006 1573 1598 1635; baseline 0.007 -14"><span class='ocrx_word' id='word_1_189' title='bbox 1006 1573 1195 1635; x_wconf 55' lang='lat' dir='ltr'><strong>‘Capit</strong></span> <span class='ocrx_word' id='word_1_190' title='bbox 1300 1576 1598 1626; x_wconf 69' lang='lat' dir='ltr'><strong>2.&#39;1&#39;i1n.4.b.</strong></span> 
     </span>
     <span class='ocr_line' id='line_1_53' title="bbox 1067 1653 1645 1699; baseline 0.003 -2"><span class='ocrx_word' id='word_1_191' title='bbox 1067 1663 1223 1697; x_wconf 89' lang='lat' dir='ltr'><strong>onum</strong></span> <span class='ocrx_word' id='word_1_192' title='bbox 1245 1653 1500 1699; x_wconf 63' lang='lat' dir='ltr'><strong>certAmen</strong></span> <span class='ocrx_word' id='word_1_193' title='bbox 1539 1666 1645 1699; x_wconf 90' lang='lat' dir='ltr'><strong>cer-</strong></span> 
     </span>
     <span class='ocr_line' id='line_1_54' title="bbox 967 1654 1643 1779; baseline 0.007 -15"><span class='ocrx_word' id='word_1_194' title='bbox 967 1654 1058 1775; x_wconf 76' lang='lat' dir='ltr'>B</span> <span class='ocrx_word' id='word_1_195' title='bbox 1088 1718 1217 1779; x_wconf 61' lang='lat' dir='ltr'><strong>mvi,</strong></span> <span class='ocrx_word' id='word_1_196' title='bbox 1269 1736 1476 1769; x_wconf 86' lang='lat' dir='ltr'><strong>cursum</strong></span> <span class='ocrx_word' id='word_1_197' title='bbox 1525 1736 1643 1769; x_wconf 87' lang='lat' dir='ltr'><strong>con—</strong></span> 
     </span>
     <span class='ocr_line' id='line_1_55' title="bbox 964 1788 1641 1848; baseline 0.006 -13"><span class='ocrx_word' id='word_1_198' title='bbox 964 1788 1233 1848; x_wconf 63' lang='lat' dir='ltr'><strong>summfivi,</strong></span> <span class='ocrx_word' id='word_1_199' title='bbox 1252 1789 1406 1837; x_wconf 89' lang='lat' dir='ltr'><strong>fidem</strong></span> <span class='ocrx_word' id='word_1_200' title='bbox 1422 1791 1641 1839; x_wconf 57' lang='lat' dir='ltr'><strong>servavi.</strong></span> 
     </span>
     <span class='ocr_line' id='line_1_56' title="bbox 962 1859 1687 1923; baseline 0.007 -18"><span class='ocrx_word' id='word_1_201' title='bbox 962 1859 1025 1905; x_wconf 91' lang='lat' dir='ltr'><strong>In</strong></span> <span class='ocrx_word' id='word_1_202' title='bbox 1056 1859 1258 1921; x_wconf 76' lang='lat' dir='ltr'><strong>reliquo</strong></span> <span class='ocrx_word' id='word_1_203' title='bbox 1301 1861 1528 1923; x_wconf 81' lang='lat' dir='ltr'><strong>reposita</strong></span> <span class='ocrx_word' id='word_1_204' title='bbox 1569 1870 1644 1910; x_wconf 90' lang='lat' dir='ltr'><strong>est</strong></span> <span class='ocrx_word' id='word_1_205' title='bbox 1684 1894 1687 1895; x_wconf 14' lang='grc' dir='ltr'><em>γ</em></span> 
     </span>
     <span class='ocr_line' id='line_1_57' title="bbox 961 1929 1642 1993; baseline 0.007 -16"><span class='ocrx_word' id='word_1_206' title='bbox 961 1929 1087 1977; x_wconf 85' lang='lat' dir='ltr'><strong>mihi</strong></span> <span class='ocrx_word' id='word_1_207' title='bbox 1160 1931 1350 1979; x_wconf 80' lang='lat' dir='ltr'><strong>corona</strong></span> <span class='ocrx_word' id='word_1_208' title='bbox 1420 1932 1642 1993; x_wconf 85' lang='lat' dir='ltr'><strong>justitiae‚</strong></span> 
     </span>
     <span class='ocr_line' id='line_1_58' title="bbox 961 2001 1642 2061; baseline 0.009 -15"><span class='ocrx_word' id='word_1_209' title='bbox 961 2013 1115 2061; x_wconf 88' lang='lat' dir='ltr'><strong>quam</strong></span> <span class='ocrx_word' id='word_1_210' title='bbox 1148 2001 1326 2049; x_wconf 89' lang='lat' dir='ltr'><strong>reddet</strong></span> <span class='ocrx_word' id='word_1_211' title='bbox 1369 2004 1495 2051; x_wconf 90' lang='lat' dir='ltr'><strong>mihi</strong></span> <span class='ocrx_word' id='word_1_212' title='bbox 1526 2005 1642 2052; x_wconf 75' lang='lat' dir='ltr'><strong>Diis</strong></span> 
     </span>
     <span class='ocr_line' id='line_1_59' title="bbox 961 2070 1610 2133; baseline 0.009 -17"><span class='ocrx_word' id='word_1_213' title='bbox 961 2071 1015 2117; x_wconf 90' lang='lat' dir='ltr'><strong>in</strong></span> <span class='ocrx_word' id='word_1_214' title='bbox 1038 2070 1127 2118; x_wconf 89' lang='lat' dir='ltr'><strong>illa</strong></span> <span class='ocrx_word' id='word_1_215' title='bbox 1151 2072 1233 2120; x_wconf 88' lang='lat' dir='ltr'><strong>die</strong></span> <span class='ocrx_word' id='word_1_216' title='bbox 1253 2072 1418 2132; x_wconf 90' lang='lat' dir='ltr'><strong>justus</strong></span> <span class='ocrx_word' id='word_1_217' title='bbox 1441 2073 1610 2133; x_wconf 88' lang='lat' dir='ltr'><strong>judex.</strong></span> 
     </span>
     <span class='ocr_line' id='line_1_60' title="bbox 1035 2152 1642 2216; baseline -0.002 -16"><span class='ocrx_word' id='word_1_218' title='bbox 1035 2156 1285 2216; x_wconf 64' lang='lat' dir='ltr'><strong>Hymnus</strong></span> <span class='ocrx_word' id='word_1_219' title='bbox 1310 2152 1544 2201; x_wconf 76' lang='lat' dir='ltr'><strong>Exsiiltet</strong></span> <span class='ocrx_word' id='word_1_220' title='bbox 1562 2167 1642 2207; x_wconf 67' lang='lat'><strong>013-</strong></span> 
     </span>
     <span class='ocr_line' id='line_1_61' title="bbox 960 2217 1383 2283; baseline 0.012 -19"><span class='ocrx_word' id='word_1_221' title='bbox 960 2217 1043 2265; x_wconf 88' lang='lat' dir='ltr'><strong>bis</strong></span> <span class='ocrx_word' id='word_1_222' title='bbox 1066 2219 1283 2280; x_wconf 66' lang='lat' dir='ltr'><strong>gaddiiS.</strong></span> <span class='ocrx_word' id='word_1_223' title='bbox 1319 2223 1383 2283; x_wconf 86' lang='lat'><strong>[4]</strong></span> 
     </span>
     <span class='ocr_line' id='line_1_62' title="bbox 1028 2299 1641 2357; baseline 0 -7"><span class='ocrx_word' id='word_1_224' title='bbox 1028 2305 1093 2357; x_wconf 67' lang='lat' dir='ltr'><strong>V.</strong></span> <span class='ocrx_word' id='word_1_225' title='bbox 1117 2299 1198 2347; x_wconf 88' lang='lat' dir='ltr'><strong>Tu</strong></span> <span class='ocrx_word' id='word_1_226' title='bbox 1229 2314 1283 2347; x_wconf 85' lang='lat' dir='ltr'><strong>es</strong></span> <span class='ocrx_word' id='word_1_227' title='bbox 1314 2315 1406 2348; x_wconf 87' lang='lat' dir='ltr'><strong>vas</strong></span> <span class='ocrx_word' id='word_1_228' title='bbox 1438 2302 1641 2350; x_wconf 79' lang='lat' dir='ltr'><strong>electio-</strong></span> 
     </span>
     <span class='ocr_line' id='line_1_63' title="bbox 959 2369 1641 2434; baseline 0.01 -21"><span class='ocrx_word' id='word_1_229' title='bbox 959 2369 1042 2414; x_wconf 91' lang='lat' dir='ltr'><strong>nis</strong></span> <span class='ocrx_word' id='word_1_230' title='bbox 1060 2377 1234 2417; x_wconf 85' lang='lat' dir='ltr'><strong>sancte</strong></span> <span class='ocrx_word' id='word_1_231' title='bbox 1245 2371 1406 2420; x_wconf 85' lang='lat' dir='ltr'><strong>Paule</strong></span> <span class='ocrx_word' id='word_1_232' title='bbox 1419 2372 1641 2434; x_wconf 81' lang='lat' dir='ltr'><strong>Aposto-</strong></span> 
     </span>
    </p>
   </div>
   <div class='ocr_carea' id='block_1_13' title="bbox 958 2438 1640 2558">
    <p class='ocr_par' dir='ltr' id='par_1_19' title="bbox 958 2438 1640 2558">
     <span class='ocr_line' id='line_1_64' title="bbox 958 2438 1640 2504; baseline 0.006 -21"><span class='ocrx_word' id='word_1_233' title='bbox 958 2438 1033 2489; x_wconf 75' lang='lat' dir='ltr'><strong>le..</strong></span> <span class='ocrx_word' id='word_1_234' title='bbox 1050 2444 1112 2504; x_wconf 67' lang='lat' dir='ltr'><strong>R.</strong></span> <span class='ocrx_word' id='word_1_235' title='bbox 1128 2439 1444 2489; x_wconf 63' lang='lat' dir='ltr'><strong>Praedicator</strong></span> <span class='ocrx_word' id='word_1_236' title='bbox 1455 2442 1640 2488; x_wconf 58' lang='lat' dir='ltr'><strong>verita-</strong></span> 
     </span>
     <span class='ocr_line' id='line_1_65' title="bbox 961 2507 1600 2558; baseline 0.005 -5"><span class='ocrx_word' id='word_1_237' title='bbox 961 2507 1028 2554; x_wconf 90' lang='lat' dir='ltr'><strong>tis</strong></span> <span class='ocrx_word' id='word_1_238' title='bbox 1051 2508 1110 2558; x_wconf 19' lang='lat' dir='ltr'><strong>in*</strong></span> <span class='ocrx_word' id='word_1_239' title='bbox 1126 2509 1369 2557; x_wconf 77' lang='lat' dir='ltr'><strong>universo</strong></span> <span class='ocrx_word' id='word_1_240' title='bbox 1391 2510 1600 2558; x_wconf 77' lang='lat' dir='ltr'><strong>mundo·</strong></span> 
     </span>
    </p>
   </div>
   <div class='ocr_carea' id='block_1_14' title="bbox 1332 2654 1432 2702">
    <p class='ocr_par' dir='ltr' id='par_1_20' title="bbox 1332 2654 1432 2702">
     <span class='ocr_line' id='line_1_66' title="bbox 1332 2654 1432 2702; baseline 0 -14"><span class='ocrx_word' id='word_1_241' title='bbox 1332 2654 1432 2702; x_wconf 77' lang='lat'><strong>29*</strong></span> 
     </span>
    </p>
   </div>
  </div>
 </body>
</html>
