1954 2779
790 224 934 268 3.-15.
960 222 1035 268 (jc

288 344 410 378 nem
432 329 650 377 Mariam
683 331 864 379 adesse
890 346 980 380 vo·

290 400 460 447 luisti:
493 398 574 447 fac
604 407 665 447 ut·
690 414 785 448 nos
816 402 870 448 in
895 415 977 448 ex·

290 469 454 517 tremo
472 470 591 518 vitae
607 469 838 533 periculo
859 484 977 518 con—

289 540 470 601 stituti,
506 541 615 602 ejus
656 539 979 589 intercessio-

287 624 355 658 ne
377 610 680 668 adjuvemur
715 620 764 659 et
785 610 977 660 aeterna

288 681 502 744 praemia
591 682 980 744 consequamur.

1018 223 1216 269 *tobris

1635 220 1725 268 33*

1103 342 1108 345 ·
1140 332 1239 379 Die
1265 332 1336 380 15.
1361 331 1618 380 Octobris.

1066 401 1128 454 S.
1154 401 1414 454 Teresiae
1435 402 1682 461 Virginis.

1129 482 1336 543 Duplex
1359 484 1399 529 1.
1425 483 1621 529 classis,

1156 570 1219 615 In
1252 569 1291 614 1.
1324 568 1601 627 vesperis.

1236 647 1448 710 Antiph.
1478 650 1519 696 1.

1241 717 1345 764 elo
1397 716 1560 764 zelata
1608 730 1719 764 sum

293 750 394 798 Per
422 751 654 799 eumdem
679 751 980 799 Dominum.
1061 738 1150 815 23³·st

407 892 507 940 Die
528 892 573 938 3.
599 890 856 939 Octobris,

291 969 493 1024 Dedic.
508 967 791 1019 -omnium
819 967 977 1019 Eccl.

366 1038 599 1090 Nostrae
624 1036 906 1098 Congreg.

290 1126 501 1187 Duplex
539 1128 579 1173 1.
618 1128 677 1175 cl.
718 1142 829 1173 cum
867 1128 975 1175 Oct.

356 1215 540 1261 Omnia
573 1225 627 1262 ut
670 1218 721 1262 in
758 1217 975 1264 Coffiuni

290 1276 645 1324 Dedicationis
668 1278 932 1325 Ecclesiae.

418 1413 517 1461 Die
539 1413 583 1461 5.
607 1412 864 1462 Octobris·

378 1492 438 1546 S.
473 1492 659 1547 Gallae
692 1499 890 1550 Viduae.

519 1579 741 1647 Duplex.

351 1659 530 1705 Oratio
574 1666 628 1703 ut
669 1659 803 1705 inter
846 1659 972 1706 festa

286 1733 382 1780 pro
418 1718 674 1779 aliquibus
718 1720 848 1766 locis
892 1735 970 1767 ea-

288 1780 405 1826 dem
441 1779 537 1826 die.

350 1858 415 1906 Et
434 1859 487 1906 fit
504 1863 635 1931 coifi.
654 1858 767 1908 Oct.
788 1860 968 1908 Dedic.

394 1989 495 2039 Die
518 1991 591 2040 10.
614 1990 870 2040 OctobriS.

480 2080 523 2128 Ο
550 2095 575 2127 c
599 2086 616 2126 t
639 2093 667 2125 a
691 2094 733 2125 v¹
748 2094 775 2126 a

290 2140 702 2197 Dedicationis
747 2140 972 2196 Eccles.

516 2230 738 2290 Duplex.

348 2309 534 2357 Omnia
566 2319 621 2356 ut
662 2311 714 2354 in
749 2308 967 2355 Coffiuni

283 2370 640 2418 Dedicationis
662 2370 926 2418 Ecclesiae.

390 2659 540 2717 Propr.
559 2662 606 2707 C.
628 2664 694 2707 Se.
713 2664 941 2717 Redempt.

1057 796 1107 827 π)
1214 811 1216 848 1
1247 801 1341 847 pro
1358 786 1551 834 honore
1564 786 1722 849 Spon-

1047 871 1050 875 ·
1075 846 1088 894 ζ
1124 883 1216 896 Δ
1249 855 1292 900 si
1310 854 1409 900 mei
1425 853 1462 900 ,J
1466 868 1556 900 esu
1574 856 1722 903 Chri·

1033 924 1127 982 sti,
1175 926 1262 984 qui
1296 923 1424 970 dixit
1458 923 1606 972 mihi:
1651 925 1723 973 Ut

1032 1006 1154 1040 vera
1176 1006 1368 1054 sponsa
1390 1007 1558 1041 meum
1590 995 1721 1042 zela·

1030 1062 1112 1109 bis
1141 1062 1403 1109 honorem.

1097 1139 1292 1185 Psalmi
1322 1151 1379 1188 ut
1409 1143 1458 1187 in
1494 1142 1534 1189 I.
1560 1143 1716 1205 Vesp.

1035 1199 1095 1245 de
1135 1200 1406 1249 Communi
1429 1203 1717 1262 Virginum.

1099 1279 1142 1326 2.
1177 1279 1473 1329 Vulnerdsti
1504 1296 1594 1329 cor
1617 1296 1719 1330 me-

1033 1365 1116 1398 um
1140 1350 1363 1399 Demine
1396 1351 1597 1401 ardenti
1635 1353 1718 1402 cti·

1032 1423 1179 1485 spide
1202 1422 1430 1471 caritatis
1452 1431 1567 1472 tuae.

1092 1505 1136 1552 3.
1170 1503 1333 1552 Clavo
1359 1502 1583 1552 dexterae
1617 1512 1717 1553 tuae

1030 1573 1348 1620 subarrhdsti
1375 1588 1455 1621 me
1479 1574 1717 1636 Domine,

1030 1650 1079 1689 et
1096 1650 1356 1704 tamquam
1372 1657 1614 1705 sponsam
1634 1645 1718 1691 de-

1030 1712 1218 1760 corasti
1243 1727 1323 1759 me
1348 1713 1553 1761 corona.

1091 1793 1134 1838 4.
1159 1791 1363 1840 Fulcite
1385 1806 1466 1839 me
1489 1792 1715 1855 floribuS‚

1030 1863 1216 1925 stipate
1258 1876 1337 1910 me
1380 1862 1556 1924 malis,
1599 1864 1718 1925 quia

1030 1934 1204 1981 amore
1236 1932 1471 1995 langueo.

1088 2016 1130 2060 5.
1163 2012 1296 2059 Mihi
1331 2011 1465 2060 absit
1490 2010 1715 2072 gloriani,

1029 2082 1129 2129 nisi
1190 2083 1244 2128 in
1300 2096 1449 2130 cruce
1503 2080 1716 2129 Domini

1029 2152 1193 2199 nostri
1223 2150 1352 2199 Jesu
1381 2151 1591 2212 Christi,
1624 2165 1718 2213 per

1028 2234 1180 2282 quem
1203 2220 1331 2267 mihi
1351 2221 1572 2269 mundus
1605 2235 1716 2269 cru-

1030 2289 1216 2337 cifixus
1232 2297 1322 2349 est,
1335 2297 1385 2337 et
1398 2302 1493 2349 ego
1507 2290 1715 2338 mundo.

1027 2425 1069 2470 L
1089 2363 1157 2409 Ca
1199 2364 1252 2410 it.
1276 2372 1324 2411 et
1346 2364 1539 2430 Hymn.
1566 2375 1618 2412 ut
1644 2368 1706 2413 ad

1074 2438 1135 2470 au
1178 2461 1188 2472 .

1086 2496 1153 2547 V.
1190 2494 1515 2544 obliviscere
1549 2497 1712 2557 popu-
