1954 2779
615 200 886 247 Dominiea
909 202 999 250 IV.

278 327 431 361 omne
468 312 662 360 donum
683 314 968 374 perfeetum

276 382 551 430 desursum
606 392 706 444 est,
763 384 969 432 descon-

277 452 405 500 dens
439 466 469 500 a
501 453 658 502 Patre
688 452 967 515 himinum,

275 522 416 586 apud
428 537 582 584 quem
597 537 703 571 non
718 530 794 571 est
810 531 971 572 trans-

275 593 511 652 mutatio,
533 606 629 640 nee
655 593 966 643 vicissitudi-

276 663 359 710 nis
388 662 735 711 obumbratio
837 718 847 728 .

345 732 397 777 H
403 745 543 792 ymn.
561 731 833 795 AdrogiaS.
858 735 966 783 263.

347 802 412 854 Y.
463 802 619 849 Mane
694 803 966 851 nobiscum

277 872 525 932 Domine,
600 872 821 934 alleloja.
903 871 965 932 Rae.

276 941 531 1000 Quoniam
565 941 962 1005 advesperascit,

278 1010 501 1071 allehija.
962 1042 970 1048 ·

346 1081 428 1127 Ad
447 1081 662 1139 Magnis.
685 1084 801 1130 Ant.
825 1084 963 1132 Vado

274 1150 338 1197 ad
369 1165 487 1198 eum
511 1153 540 1185 '¹‘
562 1152 653 1212 qui
684 1154 823 1200 misit
857 1168 961 1202 me:

279 1228 328 1268 et
348 1235 499 1269 nemo
530 1235 595 1268 ex
625 1224 778 1271 vobis
809 1225 963 1272 inter-

277 1299 425 1352 rogat
467 1304 575 1339 me:
620 1292 733 1352 Quo
779 1294 964 1342 vadis?

280 1361 501 1424 alleluja,
525 1362 745 1424 alleluia.

346 1433 488 1480 Orat.
501 1431 562 1476 de
573 1430 733 1477 Laud.
751 1431 964 1478 utinfra.

345 1494 413 1540 Et
455 1493 512 1538 fit
546 1505 867 1540 commemor.
905 1493 964 1539 de

285 1555 463 1602 Cruee.
491 1556 601 1604 268.

358 1702 869 1765 DominicaIV.

302 1793 514 1845 post
567 1785 934 1831 Pascha.

436 1864 526 1910 Ad
557 1865 790 1914 Laudes.

343 1933 464 1980 Ant.
485 1941 532 1979 et
551 1933 637 1980 Ps.
659 1934 718 1979 de
735 1935 958 1995 Psalt.1;

282 2004 504 2064 Capitul.
547 2004 828 2052 Carissimi.
850 2007 958 2054 274.

284 2073 474 2134 Hymn.
509 2074 722 2124 Aurora.
757 2075 861 2124 264.

341 2145 407 2198 Y.
455 2145 518 2192 In
584 2144 959 2193 resurrectione

270 2220 356 2261 tua
389 2214 610 2275 Christe,
643 2214 863 2274 alleluja.
899 2216 960 2278 R.

273 2282 401 2330 Coeli
444 2291 493 2331 et
528 2292 665 2331 terra
701 2284 954 2347 laetentur,

271 2351 492 2414 alleluja.

338 2423 418 2469 Ad
445 2423 636 2470 Bened.
661 2425 778 2472 Ant.
813 2424 955 2472 Vado

179 2533 187 2542 .
269 2493 333 2539 ad
366 2507 485 2541 eum
506 2493 537 2525 ’¹‘
561 2494 651 2553 qui
681 2494 820 2542 misit
849 2508 954 2542 me:

1610 212 1700 259 275

1026 324 1078 364 et
1107 332 1256 366 nemo
1289 333 1353 366 ex
1374 320 1527 367 vobis
1558 322 1711 370 inter-

1025 396 1171 450 rogat
1213 403 1319 437 me:
1371 390 1483 449 Quo
1529 391 1711 439 vadis?

1026 457 1248 519 alleluja,
1272 459 1496 520 alleluja.

1078 560 1087 569 ·
1273 536 1464 582 Oratio.

1126 614 1240 661 ene,
1298 604 1409 663 ‚qui
1480 603 1709 652 fidolium

1153 680 1348 720 mentes
1369 674 1521 722 unius
1545 674 1709 724 efficis

1024 740 1332 791 voluntatis:
1386 744 1451 793 da
1498 746 1707 808 populis

1024 811 1126 859 tuis
1147 812 1202 859 id
1225 815 1395 862 amore
1413 816 1552 876 quod
1578 819 1708 879 pr&-

1022 881 1167 943 eipiS‚
1185 882 1238 929 id
1259 883 1549 934 desiderore
1568 888 1707 949 quod

1021 953 1306 1013 promittis3
1331 963 1386 1002 ut
1407 956 1540 1004 inter
1561 972 1705 1006 mun·

1022 1020 1182 1069 donas
1213 1024 1488 1073 varietates
1520 1026 1595 1074 ibi
1615 1042 1705 1075 no-

1021 1097 1125 1138 stra
1159 1091 1260 1140 fixa
1292 1094 1393 1141 sint
1422 1096 1592 1156 eorda,
1615 1098 1705 1146 ubi

1026 213 1141 263 post
1164 205 1373 253 Pascha.

1020 1175 1144 1209 vera
1189 1171 1308 1210 sunt
1340 1164 1540 1226 gaudia.
1605 1168 1706 1217 Per

1018 1231 1301 1280 Dominum
1323 1244 1571 1287 nostrum.

1084 1307 1148 1352 Et
1191 1308 1245 1354 fit
1282 1323 1604 1361 commemor.
1638 1316 1699 1363 de

1019 1367 1199 1416 Cruee.
1236 1367 1341 1416 268.

1198 1449 1274 1487 Ad
1302 1449 1534 1490 Tertiam.

1080 1514 1244 1574 Capit.
1281 1516 1563 1568 Carissimi.
1599 1521 1703 1570 274.

1078 1584 1139 1643 Rv.
1161 1586 1234 1631 br.
1266 1586 1503 1636 Surrexit
1523 1590 1703 1638 Domi-

1019 1655 1115 1702 nus
1148 1655 1211 1702 de
1244 1657 1535 1718 sepulchro,
1558 1658 1589 1687 *-
1615 1661 1703 1715 Al—

1017 1724 1189 1784 leluia,
1209 1724 1429 1785 alleluja.
1454 1727 1703 1778 Surrexit.

1018 1794 1082 1846 V.
1098 1794 1198 1853 Qui
1221 1810 1316 1857 pro
1340 1797 1492 1845 nobis
1514 1799 1702 1861 pepon-

1016 1864 1091 1912 dit
1113 1865 1168 1912 in
1188 1865 1344 1927 ligno,
1370 1868 1605 1931 Alleluja,
1631 1871 1701 1918 al-

1016 1934 1188 1994 leluja.
1203 1935 1383 1985 Gloria
1400 1938 1561 1989 Patri.
1579 1941 1701 1991 Sur-

1015 2004 1164 2053 rexit.

1080 2083 1141 2134 Y.
1180 2076 1414 2125 Surrexit
1443 2079 1700 2128 Dominus
1790 2129 1794 2134 ,

1014 2158 1150 2206 vere,
1175 2146 1398 2208 alleluja.
1423 2153 1487 2213 K.
1518 2150 1587 2197 Et
1612 2164 1698 2212 ap-

1015 2216 1191 2277 paruit
1212 2216 1425 2279 Simoni,
1449 2218 1669 2280 alleluja.

1197 2298 1272 2336 Ad
1300 2300 1513 2340 sextam.

1040 2358 1348 2419 Capitulum.
1436 2361 1547 2410 Jac.
1563 2365 1659 2409 Le.

1018 2425 1214 2550 Scitis
1236 2427 1421 2475 fratres
1450 2429 1699 2479 meidile-

1131 2497 1364 2544 ctissimi.
1412 2497 1489 2544 Sit
1531 2503 1699 2542 autem

1381 2639 1486 2687 18*
