1954 2779
773 252 871 298 Die
895 252 966 299 23.
991 254 1242 300 Januarii.

292 365 522 414 miliatus
555 381 669 414 sum
700 377 749 415 et
772 377 976 417 contur-

1588 261 1714 321 [167]

1033 373 1184 432 ginis,
1225 375 1288 436 Re.
1320 375 1479 434 Cujus
1502 376 1609 424 vita
1638 379 1712 425 in·

292 437 463 485 batus,
486 436 979 497 Ajuventfite.(}16-
1032 442 1170 504 clyta
1228 452 1438 492 cunctas
1491 445 1716 495 illustrat

290 507 372 555 ria
392 506 554 554 Patri.
588 507 808 569 Pauper.

356 578 420 630 V.
461 576 658 625 Ponam
704 579 975 627 universos

287 647 431 694 filios
462 655 579 695 tuos
600 647 782 696 doctos
817 664 847 696 a
869 649 974 698 Βό-

289 718 447 766 mino,
499 718 561 780 Rz.
592 718 660 766 Et
689 719 973 766 multitudi-

288 801 407 834 nem
427 788 572 849 pacis
593 787 720 837 fssiis
742 789 858 837 tuis,

404 868 467 913 In
489 867 553 914 11.
571 867 850 929 vesperis.

352 936 469 982 Ant.
510 936 571 981 de
611 936 830 985 Laudib.
870 938 970 997 Ps„

290 996 362 1043 Ca
406 998 457 1043 it.
484 1005 531 1043 et
556 996 795 1058 Hymnus
832 1006 885 1045 ut
920 999 969 1043 in

288 1058 329 1105 Ι.
353 1012 617 1119 εεερεῑίε.

352 1129 417 1179 V.
456 1130 652 1178 Ponam
698 1133 970 1180 universos

286 1197 428 1245 filios
459 1208 574 1247 tuos
599 1201 779 1249 doctos
812 1217 842 1250 a
863 1203 969 1250 Do-

286 1267 444 1316 mino,
502 1267 565 1327 Re.
595 1270 662 1317 Et
687 1272 969 1321 multitudi-

283 1350 402 1384 nem
423 1339 568 1400 pacis
588 1339 716 1387 filiis
739 1343 856 1392 tuis,

352 1415 434 1461 Ad
466 1415 678 1477 Magnif.
712 1417 829 1463 Ant.
864 1417 968 1463 Ma-

283 1477 360 1525 ria
412 1487 581 1527 autem
628 1484 969 1532 conservabat

283 1548 455 1597 omnia
477 1552 637 1600 verba
662 1553 773 1601 haec
797 1554 967 1602 confe-

280 1633 399 1667 rens
424 1621 477 1667 in
501 1623 655 1670 corde
679 1638 789 1672 suo,

345 1693 412 1740 Et
427 1694 486 1740 fit
500 1709 681 1743 comm.
698 1698 849 1748 Dom.
868 1702 966 1748 III.

283 1762 401 1812 post
425 1755 620 1816 Epiph.

300 1915 303 1916 ⁷
390 1856 490 1903 Die
513 1857 587 1905 23.
611 1857 862 1906 Januarii.

333 1926 405 1978 In
425 1926 904 1989 Desponsatione

282 1996 345 2048 Β.
357 1996 503 2049 M.v.
515 2012 647 2049 cum
659 1998 962 2064 S.Joseph.

418 2071 627 2134 Duplex
662 2075 836 2135 majus.

362 2149 436 2195 In
470 2149 510 2197 1.
533 2150 878 2211 vesperis.

328 2223 446 2269 Ant.
462 2222 523 2269 de
536 2222 837 2282 Laud.[168]
858 2225 959 2284 Ps„

278 2285 458 2345 Capit„
480 2283 677 2345 Hymn.
700 2294 745 2331 et
764 2287 960 2347 reliqua

274 2345 359 2391 hic
401 2359 504 2392 non
549 2347 760 2406 propria
808 2356 861 2393 ut
908 2349 961 2394 in

276 2405 444 2453 Festis
479 2407 540 2455 B.
564 2408 746 2454 Mariae
767 2407 829 2456 V.
863 2404 958 2465 [51]

314 2476 385 2528 V.
412 2472 761 2535 Desponsatio
779 2482 856 2521 est
873 2475 960 2523 ho-

272 2541 354 2589 die
391 2551 580 2591 sanctae
619 2544 801 2592 Mariae
839 2544 958 2591 Vir-

1031 513 1291 562 ecclesias,

1091 584 1170 630 Ad
1197 585 1410 645 Magnis.
1435 589 1552 634 Ant.
1585 587 1705 636 Glo-

1029 650 1180 700 riosae
1239 653 1470 715 Virginis
1531 656 1713 704 Mariae

1027 721 1493 784 Desponsationem
1522 727 1714 788 dignis-

1029 793 1209 841 simam
1245 794 1555 856 recolzimuS‚
1596 811 1711 858 quae

1029 871 1077 910 et
1101 863 1379 913 GenitrIcis
1411 865 1711 927 dignitatem

1028 932 1275 993 othnuit‚
1320 943 1369 981 et
1402 936 1708 997 virginalem

1027 1003 1327 1064 pudicitiam
1350 1019 1455 1052 non
1477 1005 1665 1054 amisit.

1068 1074 1246 1121 Oratio
1260 1083 1316 1121 ut
1326 1076 1388 1121 ad
1402 1076 1564 1124 Laud.
1580 1078 1708 1137 [168]

1087 1145 1154 1191 Et
1180 1145 1237 1190 fit
1261 1148 1387 1193 coffi.
1413 1147 1464 1195 S.
1490 1147 1701 1208 Joseph,

1026 1207 1115 1251 ubi
1160 1215 1234 1252 est
1279 1221 1540 1267 concessa,
1590 1218 1705 1255 ante

1027 1268 1151 1314 alias
1177 1282 1523 1330 quascumque
1547 1274 1672 1317 coffi.

1087 1340 1207 1385 Ant.
1264 1337 1562 1401 Exsurgens
1615 1340 1705 1388 Jo-

1025 1405 1151 1465 seph
1173 1420 1202 1453 a
1224 1422 1421 1468 somno,
1454 1408 1578 1457 fecit
1609 1410 1705 1458 sic-

1025 1482 1079 1521 ut
1111 1478 1359 1540 praecepit
1396 1480 1442 1526 ei
1475 1480 1706 1541 Angelus

1022 1544 1249 1607 Domini,
1285 1556 1334 1595 et
1355 1550 1554 1612 accepit
1585 1552 1704 1599 con-

1022 1625 1190 1676 ]ugem
1221 1631 1382 1665 suam.

1074 1693 1140 1745 V.
1169 1686 1447 1736 Constituit
1470 1703 1584 1736 eum
1615 1690 1703 1739 do-

1022 1756 1216 1804 minum
1240 1757 1422 1805 domus
1456 1773 1578 1807 suae.
1634 1762 1698 1810 R.

1021 1825 1089 1872 Et
1102 1826 1390 1888 principem
1406 1830 1572 1877 omnis
1590 1844 1705 1892 pos-

1022 1896 1265 1944 sessionis
1290 1912 1412 1946 suae.

1143 2029 1144 2032 ,
1254 1984 1448 2032 Oratio.

1024 2054 1095 2178 S
1103 2055 1411 2103 anctissimae
1423 2056 1701 2106 Genitricis

1132 2132 1233 2172 tuae
1262 2126 1469 2187 Sponsi,
1502 2127 1701 2187 quaesu-

1016 2209 1129 2242 mus
1147 2195 1383 2255 Domine‚
1400 2197 1596 2244 meritis
1613 2197 1699 2244 ad-

1015 2265 1275 2325 juvemur:
1298 2273 1356 2312 ut
1377 2267 1517 2326 quod
1535 2268 1698 2327 possi-

1015 2334 1190 2382 bilitas
1235 2344 1412 2382 nostra
1458 2350 1564 2383 non
1609 2337 1699 2384 ob-

1015 2406 1162 2465 tinet,
1209 2405 1315 2465 ejus
1357 2406 1509 2453 nobis
1543 2407 1698 2453 inter-

1015 2475 1245 2523 cessione
1283 2476 1515 2524 donetur.

1075 2549 1276 2595 Deinde
1293 2549 1349 2596 fit
1367 2560 1690 2595 commemor.
