1954 2779
269 210 330 257 8*
404 213 476 259 16.
493 237 512 247 -
532 213 604 259 27.
626 212 773 259 Febr.
795 239 811 246 -
830 212 984 260 Festa
1004 213 1267 259 Passionis
1287 213 1350 259 D.
1371 213 1431 260 N.
1445 213 1494 260 J.
1516 214 1570 260 C.

359 323 462 372 Die
482 324 559 373 16.
582 323 869 372 Februarii.

273 394 335 448 S.
370 393 494 448 Titi
518 395 690 457 Episc.
724 403 771 442 et
803 394 952 443 Conf.

365 465 586 526 Duplex.
613 468 702 527 (m.
726 472 760 512 t.
783 465 855 525 V.)

333 528 510 574 Oratio
531 537 583 574 ut
601 527 654 573 in
669 528 851 574 Diurn.
872 527 951 574 die

271 588 314 634 6.
338 588 624 637 Februarii.

232 735 235 739 ,
362 692 461 738 Die
486 691 556 738 17.
582 689 868 736 Februarii.

273 761 446 823 Fugae
469 759 537 812 D.
555 759 622 811 N.
645 758 681 810 J
685 773 793 810 esu
818 757 952 811 Chr.

400 830 466 884 in
487 829 822 899 AEgyptum.

364 902 614 966 Duplex
646 904 858 963 majus.

336 973 517 1021 Omnia
563 984 617 1021 ut
660 975 791 1020 inter
825 974 951 1022 festa

271 1048 364 1094 pro
387 1035 540 1096 aliqu.
571 1035 699 1082 loeis
728 1037 834 1083 ead.
855 1037 950 1083 die.

365 1137 464 1184 Die
490 1135 563 1182 18.
585 1134 870 1182 Februarii.

275 1206 660 1270 S.Cyri11iEp.
673 1208 949 1259 Alexandr.

334 1277 481 1326 Conf.
505 1288 551 1326 et
575 1278 715 1326 Eccl.
741 1278 889 1326 Doct.

365 1349 588 1410 Duplex.
625 1347 712 1409 (m.
737 1355 773 1395 t.
791 1349 865 1409 v.)

332 1420 507 1466 Oratio
526 1428 581 1466 ut
599 1421 651 1465 in
672 1419 854 1467 Diurn.
872 1420 951 1466 die

271 1482 313 1527 9.
335 1479 488 1526 Febr.
521 1479 586 1525 Et
609 1481 662 1527 fit
688 1495 952 1527 commem.

272 1534 321 1587 S.
340 1539 593 1588 Simeonis
612 1541 784 1603 Episc.
800 1540 951 1589 Mart.

270 1612 323 1649 ut
346 1601 398 1649 in
425 1602 606 1651 Diurn.
630 1603 724 1651 hac
746 1604 842 1651 die.

273 1708 372 1755 Die
388 1708 462 1755 25.
475 1709 556 1755 vel
578 1708 651 1755 26.
672 1706 956 1755 Februarii.

335 1777 431 1829 Ss.
464 1776 898 1839 Redemptoris.

407 1850 616 1910 Duplex
640 1851 817 1910 majus.

333 1920 518 1965 Omnia
558 1929 611 1965 ut
655 1921 788 1967 inter
826 1920 954 1969 festa

270 1994 362 2042 pro
406 1980 666 2041 aliquibus
706 1982 834 2029 locis
875 1984 956 2030 die

270 2044 343 2090 23.
380 2042 636 2092 Octobris.

273 2151 372 2198 Die
387 2151 462 2200 26.
475 2152 560 2198 vel
581 2152 657 2199 27.
669 2151 958 2200 Februarii.

344 2220 404 2272 S.
438 2220 782 2282 Margaritae
816 2221 887 2274 de

290 2307 291 2310 ¹
480 2289 757 2345 Cortona.

440 2362 787 2426 Semiduplex.

333 2432 516 2478 Omnia
562 2443 616 2480 ut
653 2437 786 2482 inter
829 2438 957 2486 festa

267 2502 361 2545 pro
394 2492 550 2551 aliqu.
585 2494 682 2542 loc.
716 2498 823 2543 ead.
861 2499 954 2547 die.

1208 326 1363 374 Feria*
1383 325 1485 373 111.

1008 404 1125 456 post
1146 396 1353 444 Domin.
1392 396 1705 458 septuages.

1029 474 1332 528 Orationis
1352 475 1419 529 D.
1440 475 1508 530 N.
1528 476 1583 530 J.
1610 475 1672 528 G.

1112 546 1167 592 in
1190 553 1361 592 monte
1384 543 1592 592 Oliveti.

1146 624 1357 698 Duplex
1381 625 1557 684 majus.

1072 703 1257 750 Omnia
1301 713 1354 751 ut
1390 704 1522 751 inter
1570 704 1706 753 festa

1011 778 1101 826 pro
1140 764 1399 826 aliquibus
1444 765 1571 813 locis
1620 781 1707 815 ea-

1012 827 1124 872 dem
1160 825 1301 874 feria.

1212 950 1366 998 Feria
1388 949 1489 1001 ΙΙΙ.

1054 1028 1171 1082 post
1191 1021 1399 1068 Domin.
1422 1019 1669 1082 Sexages.

1008 1099 1267 1148 Solemnis
1316 1096 1706 1144 Coffiemoratio

1032 1168 1341 1221 Passionis
1362 1169 1428 1220 D.
1452 1169 1518 1221 N.
1546 1169 1599 1221 J.
1637 1169 1698 1223 G.

1036 1247 1240 1310 Duplex
1265 1247 1308 1295 1.
1335 1246 1397 1294 cl.
1426 1259 1539 1292 cum
1568 1245 1685 1293 Oct.

1070 1328 1257 1376 Omnia
1312 1337 1366 1372 ut
1412 1326 1464 1372 in
1516 1323 1706 1372 Officio

1010 1392 1188 1437 votivo
1204 1391 1264 1436 de
1278 1388 1537 1436 Passione
1559 1386 1625 1433 D.
1641 1387 1706 1436 N.

1008 1452 1057 1498 J.
1083 1452 1140 1501 C.
1174 1466 1267 1512 per
1290 1465 1481 1498 annum
1517 1458 1706 1510 praeter

1012 1514 1310 1561 Orationem
1336 1520 1654 1574 sequentem.

1250 1592 1445 1641 Oratio,

1104 1656 1409 1718 mnipotenS,
1433 1660 1699 1721 sempiter-

1140 1740 1206 1774 ne
1231 1727 1388 1788 DeUS‚
1411 1728 1498 1790 qui
1520 1728 1698 1778 huma-

1011 1811 1077 1844 no
1130 1797 1330 1857 generi,
1384 1798 1450 1845 ad
1495 1799 1701 1847 imitam-

1012 1867 1133 1913 dum
1175 1866 1479 1915 humilitatis
1530 1869 1700 1917 exem-

1010 1938 1177 1999 plum,
1236 1936 1557 1987 Salvatorem
1608 1955 1701 1988 no-

1012 2014 1173 2054 strum
1223 2022 1429 2057 carnem
1482 2012 1699 2072 sumere,

1013 2085 1069 2133 et>
1083 2092 1286 2127 crucem
1309 2078 1481 2126 subire
1504 2078 1697 2131 fecisti:

1014 2148 1237 2195 concede
1289 2150 1573 2212 propitius3
1643 2160 1700 2199 ut

1014 2216 1144 2265 sicut
1163 2218 1445 2267 solemnem
1464 2220 1700 2267 Comme-

1014 2288 1350 2335 morationem
1430 2288 1701 2338 Passionis

1015 2358 1123 2417 ejus
1162 2358 1504 2420 celebramus,
1541 2360 1614 2407 ita
1652 2371 1702 2409 et

1014 2426 1275 2487 patientiae
1312 2428 1475 2491 ipsius
1508 2429 1703 2480 habere

1014 2496 1341 2558 documenta,
1388 2508 1437 2545 et
1473 2514 1703 2549 resurre-
