1954 2779
516 758 790 806 Dominica
825 758 894 806 II.
929 769 1047 822 post
1079 763 1440 824 Epiphaniam.

318 843 915 905 sanctissimi
968 848 1364 908 Nominis
1418 852 1651 911 Jesu.

712 939 919 999 Duplex
957 943 1000 989 2.
1036 943 1230 990 classis,

329 1037 359 1096 ἓ
389 1045 706 1090 Occurrente
732 1041 940 1088 Domin.

265 1102 520 1164 Septuag.‚
547 1103 817 1165 reponitur
845 1103 942 1150 hoe

262 1163 446 1212 festum
470 1165 524 1212 in
549 1165 683 1211 diem
708 1165 782 1211 528.
808 1164 940 1223 Jan„

263 1233 515 1286 tamquam
542 1227 593 1273 in
627 1225 800 1271 sedem
824 1240 940 1287 pro-

266 1288 442 1347 priam,
467 1287 667 1347 (transl.
695 1301 939 1346 quocum-

265 1361 359 1408 que
380 1349 481 1396 alio
507 1349 654 1407 festo,
682 1350 723 1394 si
750 1347 941 1395 alicubi

263 1420 492 1457 occurrat
508 1420 555 1457 et
568 1410 839 1457 transferri
861 1426 942 1458 va-

261 1470 370 1530 leat,
386 1472 483 1518 nisi
497 1473 561 1518 sit
574 1472 777 1519 altioris
789 1472 939 1529 ritus)

262 1540 305 1577 et
337 1531 390 1579 fit
425 1533 485 1579 de
520 1534 570 1581 S.
604 1535 807 1593 Agnete
842 1547 939 1580 see.

263 1607 438 1640 eornm.
466 1595 517 1640 in
536 1593 702 1641 Laud.
718 1601 843 1640 tant.
862 1594 940 1640 De

260 1653 385 1700 festo
409 1655 565 1716 Dupl.
599 1656 724 1702 min.
761 1655 841 1701 vel
879 1656 940 1701 de

263 1714 445 1763 Semid.
489 1731 691 1764 occurr.
726 1716 781 1761 fit
817 1725 937 1763 tant.

262 1779 383 1825 coffi.
402 1779 454 1824 in
473 1781 707 1838 utrisque
721 1777 822 1822 Ves
867 1786 938 1823 .et

261 1837 422 1886 Laud,
448 1840 547 1888 Sed
564 1840 815 1887 adverten
856 1853 938 1884 um

261 1907 359 1958 est,
405 1901 542 1959 quod
577 1902 631 1947 in
667 1899 767 1945 fine
801 1899 937 1957 YY„

259 1959 372 2020 ER.
396 1970 443 2008 et
460 1964 579 2009 Ant.
602 1960 938 2008 omittendum

259 2022 349 2068 erit
378 2020 616 2081 Allehija‚
638 2021 876 2068 similiter
894 2030 940 2068 et

259 2083 309 2128 in
334 2083 453 2143 KR.
480 2084 556 2131 br.
579 2084 862 2132 Horarum.

381 2163 445 2208 In
470 2163 509 2209 1.
532 2164 813 2224 vesperis.

554 2240 664 2301 riph.
703 2240 745 2284 1.

554 2305 648 2350 mis
713 2304 801 2364 qui
866 2304 940 2350 in·

554 2374 810 2421 voedverit
850 2389 939 2421 no·
965 2387 966 2424 4

554 2458 659 2491 men
711 2440 966 2506 Dominis

554 2514 720 2561 3alvus
744 2514 854 2560 erit.

1066 1043 1149 1089 Ps.
1189 1052 1240 1090 ut
1276 1045 1325 1089 in
1366 1045 1403 1090 Ι.
1435 1046 1583 1105 X'esp.
1621 1047 1678 1091 de

1003 1101 1196 1150 Comm.
1214 1106 1396 1165 Apost.
1418 1105 1480 1163 [1]
1504 1116 1547 1152 ct
1566 1106 1679 1153 loeo

1001 1163 1088 1210 ult.
1122 1165 1311 1213 Psalm.
1350 1165 1576 1212 (Iredidi.
1615 1167 1680 1227 [8]

1065 1235 1106 1280 ·2.
1128 1235 1370 1283 Sanctum
1389 1244 1437 1281 et
1454 1237 1687 1284 terribile

1000 1318 1185 1351 nomen
1220 1305 1342 1364 ejus,
1366 1306 1568 1353 initium
1605 1321 1683 1353 sa-

1001 1375 1206 1436 pientiae
1230 1377 1386 1424 timor
1406 1376 1634 1425 Domini.

1057 1450 1098 1496 3.
1135 1450 1246 1509 Ego
1282 1456 1449 1495 autem
1485 1448 1537 1494 in
1573 1448 1681 1496 Do-

997 1518 1136 1565 mino
1159 1518 1410 1578 gaudebo,
1436 1526 1483 1565 et
1509 1519 1677 1565 exsul-

997 1586 1119 1634 teibo
1143 1589 1196 1634 in
1220 1589 1332 1635 Deo
1355 1589 1481 1636 Jesu
1507 1602 1635 1636 meo.

1061 1662 1104 1704 4.
1140 1661 1181 1705 A
1214 1658 1340 1704 solis
1375 1666 1491 1704 ortu
1515 1672 1680 1717 usque

998 1727 1062 1773 ad
1127 1726 1364 1772 oecdsum
1418 1725 1681 1773 laudabile

998 1809 1183 1842 nomen
1206 1796 1434 1843 Domini.

1063 1866 1103 1912 5.
1125 1865 1441 1913 Sacrifiedbo
1456 1866 1678 1914 hostiam

997 1934 1178 1995 laudis»,
1199 1944 1247 1982 et
1262 1949 1449 1983 nomen
1460 1936 1674 1984 Domini

996 2005 1266 2054 invocabo,

1061 2083 1226 2144 Capit.
1330 2084 1610 2144 Philipps&

1089 2172 1281 2211 ratres:
1319 2165 1556 2212 Christus
1584 2166 1674 2213 hu-

1112 2234 1331 2281 miliavit
1347 2235 1674 2297 semetipsum

994 2303 1162 2351 factus
1177 2303 1422 2351 obediens
1434 2319 1597 2366 usque
1611 2307 1675 2354 ad

995 2382 1226 2433 mortem,
1261 2383 1476 2422 mortem
1506 2385 1673 2423 autem

995 2445 1176 2491 erucis.
1220 2445 1441 2506 Propter
1463 2446 1601 2504 quod
1627 2452 1675 2490 et

992 2514 1135 2561 Deus
1159 2514 1405 2561 exaltdvit
1435 2514 1599 2570 illum,
1625 2520 1673 2556 et
