1954 2779
309 207 373 256 In
405 207 480 257 IL
505 207 665 269 Vesp.
696 207 799 255 diei
831 207 944 256 Oct.
979 208 1186 270 Epiph„
1216 209 1445 270 Paschae,
1480 210 1672 258 Ascen-

244 279 406 327 sionis
429 286 480 326 et
504 277 752 339 Corporis
775 277 991 339 Christi,
1024 278 1089 326 de
1112 279 1346 340 sequenti
1368 279 1581 340 Duplici
1615 278 1671 327 fit

243 357 442 397 tantum
475 349 857 409 coffiemoratio,
888 349 992 397 nisi
1021 348 1153 397 illud
1183 348 1338 396 fuerit
1370 349 1550 411 primae
1585 348 1670 397 vel

244 419 484 468 secundae
516 418 726 479 classis,
767 432 858 467 seu
888 418 1172 479 Patronus,
1203 419 1290 467 vel
1322 418 1554 480 Titulus,
1587 428 1672 467 aut

245 488 518 537 Dedicatio
539 487 811 536 Ecclesiae:
834 489 954 551 quia
975 497 1097 537 tunc
1120 489 1182 537 de
1200 488 1357 537 Festo
1381 488 1525 537 fieret
1543 488 1673 539 Offi-

246 557 397 619 cium,
422 566 470 606 et
493 556 557 605 de
581 556 778 606 Octava
797 572 981 607 comm.
1025 557 1091 606 Et
1115 559 1350 607 similiter
1374 558 1457 607 die
1475 559 1672 610 Octava

246 628 400 692 Corp.
425 629 546 678 Chr.
569 628 623 675 in
646 626 719 675 ΙΙ.
742 626 900 689 Vesp.
935 638 1269 677 concurrente
1306 645 1419 679 cum
1456 631 1539 678 die
1560 631 1675 681 Oct.

245 699 298 748 S.
321 699 358 749 J
362 699 543 747 oannis
564 698 731 761 Bapt.,
753 697 999 760 Vesperae
1031 708 1178 746 erunt
1202 699 1265 747 de
1287 698 1400 749 Oct.
1425 701 1671 765 Corporis

247 769 466 825 Christi,
498 783 615 817 cum
636 783 904 818 commem.
928 768 1138 817 Octavae
1162 769 1213 819 S.
1235 768 1274 817 J
1276 771 1473 819 oannis,

305 838 371 887 In
402 838 474 887 II.
497 838 746 901 Vesperis
776 838 1019 900 Duplicis
1042 839 1084 888 I.
1107 840 1289 888 classis
1320 840 1376 889 fit
1407 856 1674 891 commem.

246 912 308 958 de
329 910 502 959 Festis
525 908 685 971 Dupl.
719 916 769 956 et
792 908 1076 972 Semidupl.
1109 911 1333 958 reductis
1367 911 1430 958 ad
1465 913 1672 960 modum

246 980 510 1042 Simplicis
552 980 929 1041 tantummodo,
982 980 1026 1027 si
1071 979 1364 1040 hujusmodi
1409 995 1674 1031 commem.

247 1049 481 1097 facienda
522 1049 589 1096 sit
620 1048 703 1096 die
736 1049 988 1112 sequenti.
1053 1047 1117 1095 In
1151 1047 1464 1108 Duplicibus
1503 1057 1672 1098 tamen

247 1118 316 1168 11.
350 1119 533 1167 classis
566 1119 630 1166 de
663 1118 814 1167 dictis
847 1117 1021 1166 Festis
1052 1118 1109 1165 fit
1144 1131 1328 1166 comm.
1359 1119 1415 1165 in
1445 1118 1674 1181 utrisque

249 1189 509 1252 Vesperis‚
543 1189 607 1236 ad
639 1189 803 1236 instar
825 1188 1036 1237 Octavae
1061 1197 1110 1236 et
1131 1188 1441 1238 Dominicae:
1478 1204 1580 1237 non
1617 1190 1672 1239 fit

248 1273 369 1307 vero
403 1273 589 1308 comm.
631 1259 694 1306 de
726 1259 809 1306 die
840 1258 977 1306 infra
1010 1259 1284 1319 Octavam,
1326 1260 1426 1307 nisi
1466 1261 1671 1322 quando

250 1329 310 1377 de
331 1344 390 1378 ea
412 1330 525 1377 fieri
547 1329 732 1378 debeat
753 1328 1000 1378 Officium
1021 1328 1085 1376 de
1108 1330 1356 1392 sequenti.

310 1402 439 1451 Cum
482 1401 659 1463 plures
699 1399 829 1448 fiunt
860 1401 1395 1463 commemorationes»,
1440 1410 1673 1449 servetur

251 1470 330 1520 hic
360 1472 514 1520 ordo:
552 1473 596 1519 1.
620 1472 703 1520 De
734 1470 1011 1519 Dominica
1041 1471 1387 1533 privilegiata,
1421 1473 1465 1519 2.
1498 1472 1560 1519 de
1592 1471 1675 1520 die

252 1550 447 1603 octava,
480 1544 527 1590 3.
552 1541 616 1588 de
640 1540 836 1603 duplici
858 1541 1056 1600 maiori,
1088 1543 1134 1589 4.
1165 1541 1228 1588 de
1251 1541 1447 1603 duplici
1469 1541 1673 1600 minori,

251 1612 312 1660 ad
350 1613 518 1661 instar
559 1609 873 1674 simplicium
912 1611 1161 1673 redactiS,
1202 1613 1248 1659 5.
1292 1611 1355 1658 de
1397 1611 1673 1659 Dominica

253 1682 524 1743 communi,
557 1683 602 1730 6.
634 1681 698 1728 de
730 1680 812 1729 die
833 1679 970 1728 infra
994 1689 1228 1730 octavam
1253 1680 1502 1742 Corporis
1526 1680 1673 1728 Chri·

250 1754 327 1814 sti,
352 1753 397 1801 7.
422 1753 486 1800 de
508 1750 852 1813 semiduplici,
875 1751 921 1798 8.
938 1750 1003 1798 de
1022 1751 1106 1798 die
1125 1749 1262 1798 infra
1285 1757 1520 1797 octavam
1544 1764 1676 1797 com-

250 1837 469 1883 munem,
489 1821 556 1870 ad
573 1820 864 1882 simplicem
880 1820 1040 1868 ritum
1057 1821 1256 1882 pariter
1271 1819 1495 1868 redactis
1509 1857 1521 1881 ,
1546 1822 1589 1869 9.
1608 1820 1673 1868 de

250 1893 377 1942 feria
397 1892 583 1955 majori
606 1889 693 1939 vel
715 1890 926 1960 Vigilia,
954 1892 1027 1939 10.
1052 1891 1116 1939 de
1139 1889 1389 1954 Simplici.
