1954 2779
255 208 348 257 368

259 322 420 371 nitrix
442 321 698 370 intercede
720 336 815 384 pro
851 335 939 368 no·
967 309 970 376 ζ
995 329 1163 368 autem
1215 332 1387 367 senem
1439 319 1680 381 regebat:

260 393 359 441 bis,
967 383 970 414 ⁵
997 403 1148 451 quem
1178 390 1327 451 virgo
1360 388 1584 450 peperit,
1631 398 1679 437 et

681 208 830 254 Festa
857 207 1142 252 Februarii.
1170 206 1254 264 (2.)

324 467 369 511 4.
426 462 746 512 Germindvit
794 461 942 509 radix
967 431 971 512 Ῑ
997 468 1116 522 post
1147 467 1351 522 partum
1383 458 1531 519 virgo
1566 473 1682 520 per-

263 534 298 582 ,J
300 547 424 592 esse,
461 540 572 580 orta
601 539 677 578 est
699 531 846 578 stella
881 545 943 578 ex
968 519 970 558 ³
999 530 1210 578 mdnsit:
1231 530 1401 591 ipsum
1421 542 1574 590 quem
1596 530 1682 591 ge-

263 603 454 663 Jacob,
519 601 680 662 Vstgo
744 601 946 663 peperit
968 597 973 650 i
999 600 1125 659 nuit,
1154 599 1402 647 adordvit.

264 672 613 723 Salvat6rem:
666 679 716 718 te
768 670 944 719 laudd-
969 673 972 722 ἐ

264 757 379 791 mus
407 743 551 790 Deus
583 749 772 790 noster.

325 816 367 861 5.
402 816 541 861 Ecce
573 812 740 860 Maria
772 813 973 874 genuita

265 884 419 932 nobis
436 883 772 942 Salvatdrem,
795 896 948 944 quem
973 883 974 890 ’

267 955 302 1004 J
306 955 496 1004 omes
509 955 690 1002 videns
703 953 952 1002 exclama-

269 1026 359 1089 vit,
383 1026 584 1074 dicens:
609 1025 747 1074 Ecce
769 1025 949 1087 Agnus
972 1033 977 1098 Ι

268 1096 384 1157 Dei,
418 1110 534 1144 eece
564 1096 653 1157 qui
676 1094 812 1142 tollit
832 1108 949 1156 pee—
974 1109 976 1120 <

271 1167 384 1214 cata
405 1167 598 1226 mundi,
622 1165 843 1225 alleluja.

331 1245 494 1304 Capit.
612 1241 883 1287 Malacha

372 1328 459 1363 ece
494 1328 587 1376 ego
615 1314 762 1362 mitto
785 1315 952 1375 Ange-

401 1386 509 1432 lum
530 1399 714 1444 meum,
748 1393 797 1431 et
829 1398 955 1446 prae-

273 1454 476 1516 parabit
490 1454 627 1501 viam
642 1462 758 1500 ante
770 1453 954 1501 faeiem

274 1537 450 1571 meam.
499 1523 567 1571 Et
590 1523 761 1570 statim
784 1524 955 1571 veniet

274 1594 338 1642 ad
402 1594 650 1656 templum
722 1601 956 1641 sanetum

275 1679 425 1713 suum
447 1664 769 1724 Domindton
804 1677 957 1725 quem

275 1750 371 1783 vos
391 1736 635 1797 quaeritiS,
660 1742 707 1782 et
726 1734 957 1796 Angelus

275 1807 564 1854 testamenti
584 1843 595 1866 ‚
659 1818 811 1866 quem
862 1819 957 1852 vos

278 1877 452 1923 vultis,

343 1947 595 2005 Hymnus
645 1948 758 1992 Ave
800 1945 985 1993 maris<

277 2004 441 2053 stella.
474 2003 570 2069 [54]

341 2079 401 2130 V.
443 2075 770 2138 Respdnsum
819 2076 959 2123 acee-

279 2147 357 2210 pit
372 2147 578 2196 Simeon
596 2161 624 2193 a
642 2144 839 2207 Spiritu
852 2158 962 2192 san-
984 2126 987 2183 Ξ

281 2226 379 2266 eto,
417 2219 474 2275 R:-
501 2219 619 2267 Non
646 2215 878 2264 visurum
906 2229 960 2262 se

281 2293 496 2334 mortem
513 2323 525 2346 ‚
601 2287 700 2334 nisi
764 2286 962 2333 videret

284 2355 543 2402 Christum
577 2355 802 2402 D6mini.

347 2426 420 2469 Ad
439 2425 961 2483 Mag1iif.Ant.Senex
987 2448 989 2459 <

284 2494 499 2556 puerum
532 2493 792 2556 portzibat,
836 2508 965 2554 puer

1064 667 1202 713 Orat.
1219 665 1279 710 de
1294 664 1454 710 Laud.
1468 664 1680 710 utinfra.

1064 737 1129 783 Et
1148 735 1202 780 fit
1219 749 1398 780 comm.
1416 734 1465 780 S.
1480 734 1681 792 Ignatii.

1065 810 1185 854 Ant.
1219 807 1316 863 Qui
1350 808 1463 856 vult
1490 808 1687 858 venire.

1006 880 1068 931 V.
1098 879 1296 927 Justus.
1321 879 1413 939 [14]

1066 949 1146 995 Ad
1194 947 1442 1007 Complet.
1494 954 1539 990 et
1592 959 1685 1003 per

1009 1011 1181 1057 Horas
1216 1009 1427 1054 dieitur:

1069 1080 1210 1139 Jesu,
1236 1079 1329 1127 tibi
1354 1080 1419 1127 sit
1441 1080 1621 1142 gl6ria,

1008 1151 1106 1212 Qui
1128 1159 1278 1199 natus
1300 1164 1354 1197 es
1376 1150 1438 1197 de
1459 1150 1690 1213 Virgine.

1181 1230 1268 1277 Ad
1303 1229 1522 1277 Laudes

1119 1310 1173 1348 et
1209 1317 1241 1363 p
1256 1316 1281 1347 e
1294 1317 1317 1347 ι·
1352 1300 1403 1346 H
1416 1314 1444 1345 o
1461 1314 1482 1344 r
1495 1314 1521 1345 a
1537 1313 1573 1344 s.

1074 1374 1189 1419 Ant.
1218 1374 1257 1419 1.
1290 1371 1498 1420 Simeon
1525 1370 1694 1432 justus

1011 1446 1039 1477 '¹‘
1063 1452 1110 1491 et
1132 1443 1401 1491 timoratus
1428 1442 1694 1504 exspecta-

1012 1515 1099 1562 bat
1161 1514 1563 1575 redemptidnem
1617 1515 1695 1563 Is-

1011 1585 1131 1645 rael,
1167 1592 1214 1631 et
1237 1583 1461 1645 Spiritus
1483 1592 1695 1632 sanetus

1013 1662 1120 1702 erat
1146 1655 1200 1701 in
1222 1668 1298 1702 eo,

1074 1727 1157 1773 ΡΞ.
1184 1727 1243 1771 de
1267 1725 1551 1771 Dominiea.
1587 1725 1632 1772 1.

1080 1798 1121 1844 2.
1148 1793 1470 1855 Respdnsum
1495 1794 1698 1856 aceepit

1015 1865 1220 1914 Simeon
1243 1863 1273 1896 *
1296 1878 1326 1911 a
1351 1863 1547 1926 Spiritu
1577 1877 1698 1912 san-

1016 1943 1112 1995 ατο,
1129 1948 1234 1982 non
1247 1933 1479 1982 visurum
1495 1947 1550 1981 se
1566 1948 1704 1983 mor·

1014 2014 1132 2063 tem,
1153 2005 1253 2052 nisi
1275 2004 1472 2052 videret
1494 2004 1651 2054 Dfim.

1078 2074 1120 2119 3.
1168 2074 1440 2136 Accipiens
1489 2073 1700 2123 Simeon

1016 2148 1045 2179 ³²
1085 2144 1301 2207 puerum
1347 2144 1401 2191 in
1441 2144 1700 2205 munibus

1016 2215 1207 2277 gratias
1249 2227 1405 2276 agens
1437 2213 1702 2262 benedixit

1017 2284 1313 2333 deinum.

1077 2358 1119 2403 4.
1137 2358 1335 2402 Lumen
1353 2354 1416 2401 ad
1433 2353 1703 2402 revelatib-

1018 2438 1135 2472 nem
1169 2424 1426 2483 Gentium,
1451 2423 1480 2456 *
1508 2430 1558 2471 et
1590 2424 1700 2486 gld-

1019 2495 1148 2542 riam
1171 2494 1339 2556 plebis
1360 2501 1463 2541 tuae
1485 2494 1663 2542 Israel.
