1954 2779
551 224 705 273 Feria
729 224 797 273 11.
821 227 1026 284 majoris
1053 228 1418 276 Hebdomadae.

303 340 473 401 Capit.
589 337 815 399 Philipp.
827 340 867 385 2
884 338 930 386 b.

318 426 355 459 n
394 409 606 458 nomine
637 409 765 458 Jesu
811 424 959 460 omne

349 494 488 541 genu
532 479 768 528 flectatur
811 482 958 531 coele-

266 551 438 611 stium,
461 551 797 612 terrestrium,
823 560 872 600 et
887 553 959 600 in·

270 621 565 669 femorum:
603 629 651 668 et
674 623 839 670 omnis
860 623 956 670 lin-

271 705 373 754 gua
388 691 708 752 confiteatur,
723 693 842 752 quia
856 693 957 742 Do-

267 762 441 809 minus
464 761 499 808 J
502 774 620 807 esus
642 761 879 810 Christus
902 764 955 811 in

267 831 438 893 gloria
463 839 539 878 est
561 830 661 878 Dei
682 831 871 882 PatriS.

331 911 397 972 Re.
423 910 504 957 br.
526 912 605 960 Ne
628 911 814 973 perdas
837 927 953 962 cum

263 979 440 1042 impiis
481 982 508 1013 ²¹⁶
538 981 682 1029 Deus
731 981 952 1030 Animam

261 1064 445 1099 meam.
478 1051 556 1100 Ne
572 1053 773 1113 perdas,
810 1052 870 1104 V.
883 1054 952 1102 Et

265 1136 382 1169 cum
399 1121 529 1169 viris
551 1121 859 1184 sanguinum
880 1125 953 1171 vi-

253 1200 360 1240 tam
384 1206 565 1240 meam.
598 1192 756 1242 Deus.
803 1191 894 1243 Ne.

332 1270 398 1322 Y.
412 1271 574 1333 Eripe
610 1287 691 1320 me
726 1272 948 1322 Domine

256 1341 323 1388 ab
356 1341 565 1389 homine
597 1343 749 1393 malo.
806 1342 869 1404 Ru
900 1345 947 1393 A

262 1412 376 1459 viro
400 1412 579 1474 iniquo
605 1414 747 1476 eripe
769 1428 864 1462 me.

394 1510 483 1558 Ad
513 1512 805 1572 vesperas·

326 1590 446 1637 Ant.
475 1598 522 1636 et
547 1590 632 1637 ΡΒ.
656 1589 718 1637 de
740 1590 946 1639 Domin.

253 1660 340 1720 ’723
379 1660 506 1721 Cap.
542 1660 771 1708 Fratres:
804 1660 939 1709 Hoc.

252 1730 368 1789 2423
396 1730 592 1791 Hymn.
611 1729 820 1778 Vexssla.
835 1731 939 1780 231.

327 1809 567 1870 Y.Eripe
599 1822 681 1856 me
717 1809 940 1858 Domine

250 1879 318 1927 ab
349 1879 558 1931 homine
588 1878 740 1927 malo,
805 1882 868 1943 131.
890 1880 938 1927 A

252 1949 366 1996 viro
390 1949 571 2009 iniquo
595 1948 736 2010 eripe
756 1963 851 1997 me.

327 2028 408 2074 Ad
431 2027 647 2088 Magnif.
662 2027 778 2075 Ant.
803 2028 934 2076 Scri-

249 2105 393 2158 ptum
418 2103 494 2144 est
518 2097 679 2145 enim:
701 2098 730 2131 ²⁸
746 2098 935 2145 Percu—

248 2168 370 2214 tiam
419 2167 703 2228 pastorem,
762 2176 811 2215 et
859 2168 934 2215 di·

246 2236 553 2299 spergentur
584 2250 707 2284 oves
739 2238 934 2299 gregis:

249 2315 522 2367 postquam
563 2314 733 2354 autem
764 2320 933 2355 resur-

248 2377 454 2437 rexero,
504 2378 792 2438 praecedam
836 2392 931 2425 vos

246 2445 299 2493 in
323 2448 617 2497 Galilaeam:
649 2448 724 2495 ibi
751 2463 833 2496 me
856 2450 930 2497 vi-

248 2516 451 2578 debitis,
475 2517 601 2566 dicit
621 2518 892 2568 Dominus,

1603 234 1695 281 243

1077 341 1161 388 Ab
1194 342 1292 389 hae
1324 341 1406 387 die
1438 354 1597 399 usque
1634 347 1697 390 ad

1017 404 1130 451 Oct.
1148 402 1376 461 Paschae,
1401 401 1445 447 si
1464 413 1697 452 occurrat

1017 464 1226 525 aliquod
1245 464 1457 511 Festum
1472 463 1526 509 ix
1541 464 1695 524 Lect„

1015 525 1151 586 quod
1200 524 1467 572 transferri
1514 525 1695 584 valeat,

1015 586 1322 634 transfertur
1381 593 1461 633 ost
1486 586 1694 644 Octav.;

1014 661 1159 696 secus
1183 649 1245 695 de
1263 663 1323 695 eo
1379 656 1398 693 t
1416 662 1691 707 commem,

1014 718 1354 816 graeterquam
1387 709 1554 756 tribus
1592 711 1692 757 die-

1050 785 1109 818 us
1132 771 1332 818 Pascha
1362 771 1690 832 praecedenti-

1013 831 1108 878 bus
1119 838 1167 878 et
1176 831 1377 879 duobus
1391 846 1692 892 consequen-

1012 892 1164 951 tibus,
1182 892 1322 951 juxta
1333 892 1612 939 Rubricam
1631 895 1691 941 de

1012 967 1337 999 commemor.
1374 954 1515 999 Festi
1539 956 1689 1002 trium

1012 1014 1316 1061 Lectionum
1332 1015 1452 1059 item
1466 1029 1494 1060 a
1510 1015 1690 1063 Fer.V.

1012 1075 1063 1121 in
1099 1074 1258 1121 Coena
1288 1073 1500 1120 Domini
1532 1089 1690 1136 usque

1010 1135 1073 1182 ad
1107 1135 1309 1182 Feriam
1334 1135 1429 1182 III.
1463 1136 1688 1196 Paschae,

1011 1196 1152 1243 nulla
1175 1196 1230 1243 fit
1255 1211 1514 1244 commem.

1061 1350 1265 1410 Feria
1302 1353 1624 1414 Secunda.

1175 1452 1262 1499 Ad
1294 1454 1511 1502 Laudes

1117 1530 1175 1567 et
1209 1538 1316 1583 per
1349 1523 1573 1572 Horas,

1066 1599 1182 1646 Ant.
1209 1604 1249 1647 1.
1286 1600 1491 1650 Faciem
1519 1617 1683 1652 meam

1000 1670 1029 1701 *
1060 1683 1166 1716 non
1206 1670 1371 1717 averti
1412 1671 1477 1718 ab
1519 1672 1682 1721 incre-

997 1738 1257 1801 pantibuS,
1283 1748 1331 1786 et
1353 1742 1681 1802 conspuenti-

997 1808 1094 1855 bus
1118 1808 1172 1855 in
1194 1823 1290 1858 me.

1058 1889 1141 1937 Ps.
1153 1889 1215 1935 de
1227 1889 1385 1936 Laud.
1398 1889 1512 1937 Fer.
1528 1889 1678 1940 11.46.

1062 1961 1105 2006 2.
1140 1960 1351 2007 Framea
1379 1962 1627 2009 suscitare
1650 1964 1679 1995 *

994 2027 1241 2077 adversus
1259 2044 1360 2091 eOS,
1380 2032 1468 2092 qui
1486 2032 1680 2094 disper-

993 2106 1120 2159 gunt
1141 2114 1346 2163 gregem
1369 2116 1554 2149 meum.

1060 2171 1102 2217 3.
1121 2170 1487 2231 Appenderunt
1506 2172 1535 2205 ²¹⁶
1551 2186 1679 2219 mer-

993 2239 1166 2286 cedem
1188 2254 1353 2287 meam
1369 2241 1579 2303 triginta
1602 2258 1677 2291 ar-

990 2309 1213 2371 genteis:
1258 2311 1446 2371 quibus
1491 2327 1674 2375 appre-

989 2379 1145 2427 tiatus
1169 2394 1281 2428 sum
1305 2382 1369 2429 ab
1393 2382 1480 2429 eiS.

1056 2452 1101 2498 4.
1128 2451 1506 2499 inundaverunt
1527 2464 1674 2509 aquae

989 2521 1017 2552 ’³‘
1068 2534 1223 2582 super
1272 2529 1426 2581 caput
1473 2532 1671 2565 meum:

1366 2664 1462 2709 16*

1809 2595 1856 2611 A
