1954 2779
665 242 937 288 Orationes
972 251 1088 302 post
1123 245 1348 292 Missam.

291 370 427 416 nere,
450 363 574 408 viera
605 354 900 419 serenaque,
926 365 974 406 et

291 426 576 489 apostolica
653 428 974 475 sanctissima

295 497 520 556 caritate,
559 504 615 543 ut
650 497 889 558 laugueat
927 506 975 546 et

289 565 525 627 liquefiat
545 566 714 614 anima
731 581 843 615 mea
860 569 972 617 solo

292 650 495 699 semper
526 637 707 685 amore
750 646 799 685 et
843 639 972 687 desi-

292 707 435 756 derio
488 708 587 768 t'ui,
633 717 682 756 te
730 709 972 771 concupi-

291 786 413 839 scat,
448 787 496 826 et
519 777 811 838 deficiatlin
842 779 973 828 atria

291 855 399 909 tua,
435 845 606 911 cupiat
643 850 883 913 dissolvi,
924 857 972 897 et

288 932 399 966 esse
412 926 592 966 teoum;
608 913 713 977 Da,
733 926 788 965 ut
803 919 972 966 anima

289 1002 400 1036 mea
438 987 491 1035 te
526 988 742 1047 esuriat,
786 1000 970 1048 panem

289 1057 620 1119 Angelorum,
642 1057 972 1105 refectionem

290 1128 578 1175 animerum
662 1126 971 1187 sanctarum,

290 1209 475 1258 panem
495 1203 731 1245 nostrum
749 1196 972 1255 quotidi-

293 1266 450 1314 Anum
504 1266 992 1328 supersubstantia-¹

289 1336 416 1398 lem,
465 1336 738 1384 habentem
771 1350 972 1384 omnem

292 1406 631 1467 dulcedinem,
649 1413 699 1453 et
719 1406 971 1469 saporem,

291 1486 342 1526 et
365 1492 515 1526 omne
547 1477 972 1526 delectamentum

292 1549 588 1597 suavitati&
620 1556 692 1609 te,
728 1550 782 1596 in
819 1561 970 1609 quem

290 1619 580 1670 desiderant
615 1618 804 1680 ‘Angeli
851 1633 970 1680 pro-

289 1690 511 1751 spicere,
545 1702 746 1750 semper
779 1688 970 1735 esuriat

297 1766 345 1805 et
364 1758 595 1806 comedat
611 1772 700 1805 cor
719 1771 903 1817 meum,
922 1765 971 1804 et

292 1827 561 1875 dulcedine
584 1826 785 1889 saporis
802 1827 877 1874 tui
894 1841 971 1873 re-

289 1898 529 1959 pleamur
560 1897 758 1944 viscera
789 1896 971 1943 animae

289 1980 440 2014 meae:
488 1974 538 2014 te
590 1980 792 2028 semper
834 1966 971 2013 sitiat

291 2035 483 2084 fontem
517 2038 652 2095 vitae,
676 2035 868 2084 fontem
893 2050 969 2083 sa-

290 2107 497 2169 pientiae
517 2114 564 2153 et
591 2106 833 2167 seientiae,
857 2105 969 2153 fon-

291 2184 392 2225 tem
416 2177 592 2224 aeterni
616 2176 841 2237 himinis,
866 2184 969 2224 tor-

287 2250 484 2297 rentem
502 2246 800 2308 voluptatis,
820 2246 970 2295 uber-

287 2318 443 2367 tatem
496 2316 680 2366 domus
729 2315 855 2364 Dei:
920 2324 970 2364 te

288 2401 492 2450 semper
521 2386 728 2446 Ambiat,
751 2393 801 2434 te
831 2400 969 2447 quae-

286 2466 391 2516 rat,
431 2464 481 2505 te
522 2457 771 2512 inveniat,
814 2456 879 2503 ad
919 2464 969 2504 te

286 2527 476 2587 tendat,
509 2528 572 2574 ad
603 2534 652 2575 te
683 2527 965 2589 perveniat,
996 2578 999 2593 λ

1581 251 1710 310 [281]

1030 366 1080 406 te
1110 359 1409 419 meditetur,
1452 367 1501 407 te
1531 360 1711 421 loqua-

1029 437 1136 490 tur,
1184 437 1232 477 et
1266 430 1437 477 omnia
1471 431 1712 491 operetur

1029 500 1083 546 in
1134 500 1340 547 laudem
1397 507 1447 547 et
1493 499 1712 561 gloriam

1028 570 1253 618 nominis
1283 572 1373 631 tui,
1398 584 1515 618 eum
1546 571 1711 618 humi-

1028 640 1172 689 litate
1189 649 1239 689 et
1255 640 1579 701 discretione,
1596 655 1712 688 eum

1029 711 1302 760 dilectione
1336 720 1386 760 et
1417 711 1712 760 delectatio—

1028 796 1105 842 ne,
1130 796 1247 829 eum
1277 781 1525 831 facilitate
1556 789 1604 830 et
1635 782 1709 829 af-

1029 852 1179 910 feetu,
1196 866 1312 899 eum
1326 852 1710 913 perseverantia

1005 921 1006 930 ¹
1027 935 1191 981 usque
1208 921 1262 967 in
1285 921 1465 969 finem:
1483 930 1542 968 ut
1561 930 1618 969 tu
1640 923 1712 969 sis

1029 991 1172 1038 solus
1201 1003 1403 1052 semper
1436 1005 1555 1052 spes
1585 1005 1711 1051 mea,

1029 1068 1136 1108 tota
1157 1059 1346 1107 fiducia
1367 1072 1492 1120 mea,
1518 1060 1714 1108 divitiae

1027 1144 1170 1190 meae,
1194 1130 1462 1177 delectatio
1485 1143 1612 1190 mea,
1636 1130 1710 1190 ju-

1029 1199 1264 1247 cunditas
1298 1213 1433 1260 mea,
1465 1200 1707 1261 gaudium

1027 1271 1211 1331 meum,
1230 1272 1376 1331 quies
1398 1279 1447 1318 et
1461 1272 1709 1331 tranquil-

1028 1341 1148 1389 litas
1169 1353 1296 1401 mea,
1315 1355 1419 1403 pax
1444 1353 1571 1400 mea,
1595 1341 1711 1389 sua-

1028 1414 1161 1459 vitas
1194 1425 1331 1473 mea,
1377 1412 1505 1460 odor
1554 1426 1713 1471 meu8‚

1028 1483 1246 1531 dulcedo
1277 1496 1403 1542 mea,
1429 1483 1576 1532 cibus
1610 1497 1712 1531 me-

1027 1567 1114 1612 uS,
1146 1552 1359 1602 refectio
1392 1556 1528 1614 mea,
1576 1553 1713 1602 refu-

1026 1625 1166 1686 gium
1214 1637 1407 1684 meum,
1463 1625 1712 1672 auxilium

1027 1707 1221 1755 meum,
1276 1695 1530 1756 sapientia
1583 1708 1710 1751 mea,

1027 1764 1197 1826 portio
1251 1778 1387 1826 mea,
1449 1765 1710 1825 possessio

1027 1847 1152 1894 mea,
1176 1835 1446 1883 thesaurus
1472 1848 1632 1891 mem,
1654 1837 1709 1882 in

1026 1917 1129 1964 quo
1176 1906 1301 1965 fixa,
1352 1913 1401 1953 et
1448 1904 1617 1965 firma,
1662 1913 1711 1952 et

1025 1975 1358 2024 immobiliter
1399 1988 1603 2037 semper
1643 1976 1711 2022 sit

1026 2045 1252 2093 radicata
1297 2059 1441 2092 mens
1482 2059 1616 2105 mea,
1659 2053 1709 2092 et

1027 2129 1115 2162 eor
1138 2129 1321 2163 meum.
1356 2117 1537 2163 Amen.

1176 2248 1316 2299 Alia
1348 2246 1557 2298 Oraizio

1028 2317 1242 2364 dicenda
1265 2325 1382 2379 post
1409 2315 1709 2364 celebratio-

1197 2391 1314 2424 nem
1337 2377 1529 2425 Missae.

1119 2455 1426 2517 mnipotenS‚
1442 2454 1707 2515 sempiter-

1147 2540 1211 2573 ne
1241 2525 1399 2584 DeuS,
1434 2522 1704 2571 conserva-
