1954 2779
446 227 538 285 23„
557 228 631 272 24.
653 234 699 271 et
719 226 792 272 31.
817 226 923 273 Oct.
945 251 961 259 —
984 226 1043 272 Β,
1064 225 1132 274 Μ.
1151 227 1211 272 V.
1234 228 1294 273 de
1313 227 1583 286 Suffragia
1649 231 1742 279 37*

319 342 385 393 V.
415 340 753 388 Adduccntur
763 340 898 401 Regi
908 341 1006 389 vir·

317 410 462 470 gines
482 417 600 491 post
623 425 750 458 eam.
788 412 856 472 R.
874 410 1004 459 Pro-

314 479 467 527 ximae
483 481 591 541 ejus
605 480 884 528 afferentur
895 480 1004 530 tibi.

378 549 496 597 Ant.
521 549 808 598 Prudentes
830 549 1004 611 Virgi—

313 632 422 680 neS,
455 621 625 682 aptate
647 629 846 669 vestras
876 620 1003 669 lam—

312 689 496 751 pades:
532 705 649 740 ecce
672 706 893 754 sponsus
915 706 1001 740 ve·

312 759 403 821 nit,
428 760 560 808 exite
584 762 790 811 obviam
815 763 876 810 ei.

556 839 750 887 Oratio.

412 917 441 950 a
483 903 664 963 nobis,
707 903 1000 965 qua'esumus

457 972 681 1019 Domine
724 971 867 1021 Deus
908 989 1001 1023 no·

312 1047 446 1088 ster:
491 1041 783 1089 sanctarum
827 1042 1001 1104 Virgi-

310 1123 433 1158 num
477 1119 527 1157 et
565 1111 855 1175 Mattyrum
891 1117 1001 1163 tua-

309 1192 448 1240 rum,
491 1180 696 1229 Ursulae
744 1191 793 1230 et
825 1182 1000 1233 Socia-

310 1262 424 1297 rum
459 1251 582 1312 ejus,
614 1252 814 1313 palmas
833 1253 998 1303 inces—

310 1318 463 1367 sabili
520 1320 795 1370 devotione
845 1338 997 1373 vene-

310 1389 440 1452 rarig
465 1400 520 1440 ut
538 1407 665 1456 quas
684 1394 841 1454 digna
858 1410 999 1444 men-

310 1469 359 1509 te
400 1477 506 1511 non
548 1464 820 1526 possumus
869 1467 999 1516 cele-

308 1532 477 1596 brate,
506 1533 788 1585 humilibus
816 1537 998 1587 saltem

308 1601 690 1667 frequentemus
719 1608 999 1671 obsequiis.

310 1671 410 1720 Per
429 1674 710 1724 Dominum
746 1687 995 1729 nostrum.

371 1742 570 1791 Deinde
594 1746 649 1792 fit
670 1761 995 1798 commemor.

311 1800 360 1850 S.
385 1803 673 1855 Hilarionis
696 1808 886 1856 Abbat.

370 1873 490 1921 Ant.
528 1875 798 1928 Similabo.
834 1873 899 1934 Y.
922 1882 993 1928 A·

310 1933 484 1981 meivit.

370 2001 564 2052 Oratio,
584 2006 908 2060 IntercessiO.
934 2012 995 2058 de

311 2063 507 2113 Comm.
531 2067 719 2115 Abbat.

412 2173 513 2222 Die
534 2175 608 2225 23.
633 2176 890 2231 Octobris.

464 2250 840 2299 Coffiemoratio

341 2316 639 2372 Sanctiss.
660 2321 968 2387 Redempt.

444 2389 652 2450 Duplex
676 2392 852 2451 majus.

371 2459 560 2507 Omnia
607 2469 660 2506 ut
702 2461 834 2508 inter
867 2463 994 2509 festa

303 2533 398 2581 pro
428 2522 583 2582 aliqu.
608 2522 733 2569 locis
757 2523 861 2570 ead.
895 2525 992 2571 die.

1156 342 1259 391 Die
1282 343 1357 391 24.
1383 343 1642 392 Octobris.

1056 413 1116 466 S·
1135 413 1463 477 Raphasslis
1484 418 1740 478 Archang.

1152 495 1362 556 Duplex
1384 498 1427 543 2.
1453 484 1650 545 classis.

1117 574 1302 621 Omnia
1343 582 1397 622 ut
1442 575 1575 623 inter
1615 576 1742 624 festa

1057 650 1150 695 pro
1190 636 1449 697 aliquibus
1483 637 1614 685 locis
1663 654 1742 686 ea·

1059 697 1172 744 dem
1206 698 1302 746 dic.
1521 726 1524 729 ·

1160 815 1261 864 Die
1280 817 1357 866 31.
1380 818 1635 868 Octobris.

1058 889 1295 940 Sacrar.
1306 888 1740 952 Reliquiarum‚

1056 970 1168 1018 quae
1202 954 1260 1004 in'
1279 957 1469 1004 nostris
1493 959 1741 1009 Ecclesiis

1063 1024 1066 1025 ’
1228 1028 1572 1068 asservantur.

1117 1089 1301 1135 Omnia
1355 1090 1416 1135 de
1469 1090 1738 1139 Communi

1056 1150 1259 1210 plurim.
1293 1151 1442 1199 Mart.

1297 1230 1492 1279 Oratio.

1057 1300 1247 1423 Auge
1266 1300 1320 1347 in
1343 1300 1493 1348 nobis
1515 1302 1740 1350 Domine

1165 1370 1555 1420 resurrectionis
1568 1372 1739 1434 fidem,

1052 1439 1140 1501 qui
1158 1440 1211 1486 in
1226 1441 1517 1490 sanctorum
1533 1444 1735 1492 tuorum

1050 1508 1305 1572 Reliquiis
1327 1511 1584 1561 mirabilia
1618 1528 1737 1577 ope-

1050 1581 1207 1628 raris:
1242 1588 1292 1628 et
1311 1580 1395 1630 fac
1412 1596 1507 1630 nos
1530 1584 1737 1632 immor·

1050 1650 1167 1697 talis
1220 1650 1399 1710 gloriae
1441 1653 1737 1717 participeS‚

1049 1721 1193 1781 cujus
1235 1721 1290 1774 in
1333 1721 1509 1769 eorum
1553 1723 1737 1772 cineri—

1049 1791 1145 1838 bus
1177 1791 1395 1853 pignora
1415 1793 1735 1844 venerAmur.

1048 1861 1149 1908 Per
1169 1861 1452 1910 Dominum
1486 1871 1734 1913 nostrum.

1113 1932 1176 1978 In
1200 1933 1363 1988 Laud.
1391 1932 1445 1980 fit
1473 1948 1734 1983 commem.

1055 1993 1211 2052 Vigil.
1237 1995 1476 2042 omnium.
1501 1993 1668 2044 Sanct.

1249 2118 1522 2166 Dominica

1048 2178 1183 2226 infra
1192 2179 1305 2228 Oct.
1321 2180 1548 2228 omnium
1558 2179 1730 2229 Sanct.

1049 2249 1110 2300 B.
1134 2248 1208 2301 M.
1226 2249 1294 2303 V.
1316 2249 1387 2302 de
1412 2250 1730 2312 Suffragio.

1186 2324 1394 2384 Duplex
1417 2327 1593 2386 majus.

1111 2404 1294 2450 Omnia
1355 2413 1410 2451 ut
1473 2406 1528 2451 in
1589 2406 1732 2452 festis

1051 2465 1105 2511 B.
1149 2466 1218 2512 M.
1263 2466 1326 2515 V.
1383 2481 1474 2527 per
1525 2481 1729 2526 annum,

1049 2536 1234 2587 praeter
1259 2542 1396 2589 sequ.
