1954 2779
748 206 1018 254 Orationes
1043 206 1274 254 diversae.

298 317 500 376 dedisti,
512 325 568 364 ut
579 318 874 378 peccatores
886 317 983 365 sal-

1586 209 1714 268 [291]

1269 318 1476 372 Oratio

298 401 393 435 vos
424 386 635 448 fficereS,
667 388 868 449 respice
898 401 980 435 me
1033 398 1176 449 post
1209 388 1709 437 confessionem.

297 457 542 504 miserum
563 457 887 518 peccatorem
907 458 981 505 in-

299 527 568 574 vocantem
600 541 787 575 nomen
817 535 974 587 tuum,

298 602 348 642 et
369 597 478 644 noli
501 598 576 646 sic
598 598 857 646 attendere
878 612 979 645 ma-

297 672 405 719 lum
431 681 600 716 meum
622 675 679 715 ut
700 668 976 717 oblivisca-

298 742 371 790 ris
403 740 595 787 bonum
629 747 797 798 tuum3
841 747 890 785 et
930 739 975 786 si

295 811 530 860 commisi
584 811 718 858 unde
762 824 843 857 me
889 809 976 856 da-

294 882 471 930 muare
486 888 648 944 potes,
662 888 718 927 tu
735 894 841 926 non
858 880 979 926 ami·

294 952 406 1000 sisti
439 951 574 999 unde
597 950 800 997 salvare
823 948 974 995 soles.

294 1021 457 1069 Parce
490 1033 611 1079 ergo
645 1020 770 1066 mihi
801 1018 892 1079 qui
922 1032 976 1069 es

294 1089 536 1140 Salvator
556 1103 716 1150 meuS,
749 1097 797 1135 et
827 1088 975 1135 mise-

294 1160 407 1207 rere
459 1158 736 1221 peccatrici
791 1158 974 1205 auimae

294 1242 435 1277 meae.
456 1229 612 1278 Solve
629 1228 836 1276 vincula
852 1227 974 1288 ejuS,

294 1312 419 1346 sana
431 1297 661 1347 vnlnera.
682 1298 875 1346 Emitte
892 1297 977 1359 igi-

293 1376 399 1429 tur,
458 1366 689 1430 piissime
749 1366 974 1431 „Domine

293 1439 488 1487 meritis
504 1440 796 1501 purissimae
815 1447 864 1486 et
885 1439 974 1486 im-

290 1509 558 1567 maculatae
612 1523 812 1572 semper
855 1508 972 1558 Vir-

290 1581 424 1642 ginis
440 1580 718 1630 Genitricis
742 1589 842 1628 tuae
861 1581 970 1628 Ma-

291 1649 404 1710 riae,
439 1659 487 1697 et
521 1652 828 1700 Sanctorum
859 1650 989 1698 tud--

290 1733 419 1778 rum,
450 1718 618 1766 lucem
648 1727 803 1779 tuam,
837 1721 969 1767 veri·

291 1788 446 1835 tatem
486 1795 626 1836 tuam
662 1789 716 1836 in
749 1789 969 1837 Animam

290 1871 477 1916 meam,
519 1871 634 1918 quae
677 1872 853 1906 omnes
886 1859 970 1906 de·-

288 1925 453 1974 fectus
486 1941 628 1975 meos
667 1929 723 1975 in
755 1929 970 1977 veritate

289 1996 414 2043 mihi
457 1997 713 2059 ostendat,
755 1999 821 2046 de
858 2001 967 2059 qui-

289 2066 386 2114 bus
405 2066 637 2116 confiteri
655 2083 735 2115 me
751 2068 966 2132 oportet,

287 2144 439 2198 atque
452 2137 593 2197 juvet
617 2146 665 2187 et
689 2139 869 2186 doceat
891 2140 967 2201 ip-

284 2221 372 2256 sos
387 2208 538 2270 plene
555 2215 603 2256 et
619 2209 842 2258 contrito
860 2223 970 2258 cor-

283 2276 348 2323 de
380 2278 662 2340 explicare:
698 2279 797 2337 Qui
829 2280 966 2327 vivis

285 2353 336 2392 et
365 2360 549 2408 regnas
589 2348 734 2395 Deus
774 2363 869 2409 per
913 2348 964 2396 ό-

283 2417 421 2463 mnia
438 2417 626 2466 saecula
639 2418 962 2468 saeeulorum.

281 2485 464 2534 Amen.
744 2513 746 2515 >

1061 487 1064 492 ’
1119 475 1158 522 it
1182 474 1291 535 tibi,
1307 475 1543 536 Domine,
1568 476 1713 524 obse-

1155 560 1267 605 cr0,
1309 548 1506 595 meritis
1539 548 1713 596 Beat'ae

1030 629 1233 679 semper
1276 616 1503 679 Virginis
1559 618 1713 668 Geni-

1031 686 1174 735 tricis
1189 693 1289 734 tuae
1301 688 1480 735 Mariae
1496 696 1545 736 et
1556 688 1715 735 omni-

1032 771 1117 804 um
1141 757 1462 818 Sanctorum,
1486 767 1631 819 grata
1662 766 1712 806 et

1032 828 1241 888 accepta
1301 828 1398 874 ista
1454 828 1711 877 confessio

1031 910 1169 956 mea3
1212 903 1261 943 et
1302 897 1553 957 quidquid
1586 898 1712 945 mihi

1032 965 1194 1013 defuit
1226 981 1362 1014 nunc
1407 974 1456 1013 et
1489 967 1615 1014 alias
1649 968 1710 1015 de

1031 1035 1339 1084 sufficientia
1372 1037 1709 1098 contritioniS,

1031 1106 1094 1153 de
1110 1105 1334 1167 puritate
1356 1115 1404 1154 et
1420 1107 1710 1169 integritate

1031 1175 1394 1238 confessionis,
1474 1178 1710 1240 snppleat

1030 1247 1194 1307 pietas
1258 1254 1307 1293 et
1357 1248 1710 1295 misericordia

1029 1319 1138 1377 tna,
1174 1322 1222 1363 et
1253 1316 1533 1364 sect'mdum
1565 1317 1709 1365 illam

1029 1385 1256 1449 digneris
1280 1401 1361 1434 me
1381 1386 1572 1436 habere
1599 1387 1707 1450 ple-

1027 1458 1143 1505 nius
1176 1464 1224 1504 et
1255 1457 1533 1519 perfectius
1563 1459 1709 1506 abso-

1026 1527 1190 1575 ltitum
1222 1528 1277 1574 in
1308 1528 1465 1576 coeloz
1510 1529 1608 1588 Qui
1631 1529 1705 1576 vi-

1025 1598 1107 1645 vis
1138 1605 1187 1644 et
1218 1608 1402 1659 regnas
1439 1597 1582 1646 Deus
1613 1604 1707 1660 per

1027 1668 1197 1715 omnia
1250 1667 1438 1715 saecula
1492 1667 1705 1716 saeculo-

1026 1752 1156 1786 rum.
1190 1738 1369 1786 Amen.

1029 1813 1280 1856 Sacerdotes
1321 1830 1395 1869 pro
1425 1818 1705 1861 Orationibus

1029 1868 1261 1917 propositis
1291 1870 1513 1912 lucrantur
1531 1874 1706 1923 Indulg-

1028 1922 1103 1959 200
1136 1919 1310 1965 dierum.
1352 1925 1438 1964 Leo
1469 1926 1554 1964 ΡΒ,
1574 1927 1704 1966 XIII.

1188 1976 1247 2013 19.
1283 1978 1390 2027 Aug.
1421 1979 1534 2019 1882.

1052 2129 1258 2184 Oraizio
1281 2147 1317 2183 a
1340 2131 1668 2183 Sacerdote

1101 2200 1330 2261 dicenda,
1355 2210 1627 2261 antequam

1045 2271 1409 2320 Confessiones
1431 2272 1665 2333 excipiat.

1131 2365 1161 2397 a
1190 2351 1330 2410 inihi,
1361 2350 1601 2408 Domine,
1624 2351 1700 2398 se-

1152 2420 1294 2468 dium
1331 2419 1534 2467 tuarum
1576 2421 1699 2466 assi-

1020 2489 1227 2538 stricem
1271 2489 1597 2551 sapientiam,
1644 2495 1701 2534 ut
