1954 2779
276 197 405 258 [164]

338 311 522 371 Tuque
543 324 606 358 ex
630 309 847 357 vetuistis
867 310 957 371 pe-

489 379 660 428 tribus

516 200 787 247 Dominica
811 199 905 245 III.
930 206 1049 260 post
1070 199 1431 259 Epiphaniam.

1075 312 1156 359 Ad
1171 311 1386 373 Magnis.
1401 314 1519 359 Ant.
1541 307 1705 355 Beati

1012 377 1100 438 qui
1114 376 1349 424 habitant
1364 376 1420 424 in
1433 377 1587 424 domo
1605 385 1704 426 tua

276 449 488 498 Delecte
510 456 685 497 custos
708 449 954 510 Virginis,
1009 445 1260 494 Demine:
1291 446 1346 493 in
1377 446 1569 494 saecula
1602 461 1705 496 sae-

276 519 433 567 Dulci
473 519 637 582 patris
678 532 830 580 quem
865 517 956 565 ne-

486 602 622 636 mme

274 657 468 706 Divina
488 657 672 706 Proles
694 659 901 705 invocat
917 674 929 717 3

340 749 420 797 De
440 745 601 807 stirpe
623 745 772 793 Jesse
792 745 958 793 nebili

280 816 401 865 Nati
414 816 469 863 in
485 814 701 862 salutem
714 816 957 877 gentium,

280 887 468 935 Audite
481 900 577 933 nos
592 885 681 946 qui
697 885 960 949 si'ipplices

278 957 491 1006 Vestras
504 957 569 1004 ad
584 971 699 1005 aras
712 956 958 1004 sistimus,

320 1064 323 1066 ’
341 1048 479 1096 Dum
500 1045 581 1093 sol
602 1045 765 1093 redux
786 1045 850 1092 ad
874 1044 958 1091 ve-

490 1129 697 1178 sperum

279 1183 460 1232 Rebus
479 1185 698 1233 niterem
720 1185 956 1243 detrahit,

281 1256 390 1305 Nos
401 1254 487 1302 hic
499 1256 761 1303 manentes
777 1255 958 1302 intimo

278 1325 361 1373 Ex
378 1325 532 1373 corde
546 1333 665 1373 vota
677 1324 959 1373 fundimus·

349 1408 457 1464 Qua
488 1412 659 1485 vestra
693 1405 838 1451 sedes
871 1404 961 1452 fle-

278 1481 688 1593 Virti‘itisndirtmis
709 1543 894 1605 gratia,

281 1614 436 1664 Hanc
469 1615 616 1698 detur
649 1614 703 1662 in
724 1613 962 1661 domesti-

281 1700 673 1820 Referreciasosse
694 1755 944 1803 metibus,

350 1851 383 1898 J
389 1858 492 1904 esu,
515 1844 611 1892 tibi
633 1845 700 1891 sit
721 1842 901 1905 gleria,

284 1914 384 1972 Qui
405 1922 557 1961 natus
578 1927 632 1960 es
654 1914 717 1960 de
733 1912 962 1974 Virgine,

285 1985 414 2033 Cum
438 1983 591 2064 Patre
618 1991 667 2030 et
688 1983 823 2030 almo
849 1982 963 2045 Spi-

284 2125 347 2173 In
368 2061 679 2187 semplilttelrna
699 2122 902 2173 saecula.

470 2196 653 2258 Amen.

352 2285 417 2335 V,
454 2274 684 2322 Verbum
728 2287 848 2321 caro
890 2272 964 2320 fa-

286 2350 423 2390 ctum
457 2350 546 2403 est,
579 2343 716 2391 allel.
782 2351 847 2410 132,
897 2343 966 2391 Et

286 2411 540 2527 {iabitaivit
568 2413 623 2459 in
644 2412 812 2472 nobis,
844 2412 965 2461 alle-

307 2481 407 2542 uja.

1013 517 1247 565 culerum
1269 516 1555 565 laudabunt
1578 525 1644 566 te.

1255 592 1448 639 OratiO.

1118 655 1287 704 emine
1317 656 1445 704 Jesu
1476 656 1703 718 Christe,

1136 727 1226 786 qui
1239 726 1375 774 Mari
1379 741 1420 774 ae
1433 734 1482 773 et
1497 727 1533 775 J
1535 728 1703 788 oseph

1013 796 1266 856 subdituS,
1279 797 1612 845 domesticam
1626 798 1706 845 vi-

1013 875 1117 914 tam
1151 865 1501 915 ineffabssibus
1536 867 1702 915 virtu-

1014 936 1155 985 tibus
1208 937 1520 984 consecrasti
1540 953 1553 984 z
1616 936 1701 984 fac

1014 1021 1132 1067 noS,
1177 1005 1447 1066 utriusque
1489 1006 1702 1067 auxili0,

1015 1077 1251 1126 Famssiae
1275 1085 1465 1124 sanctae
1486 1085 1588 1125 tuae
1611 1092 1700 1126 ex-

1017 1147 1201 1211 emplis
1233 1147 1446 1208 instrui3
1490 1155 1538 1194 et
1579 1162 1699 1195 con-

1018 1219 1233 1267 sertium
1283 1219 1526 1280 censequi
1576 1232 1701 1267 sem·

1016 1290 1303 1352 piternum:
1340 1289 1438 1349 Qui
1461 1289 1615 1336 vivis,
1661 1283 1668 1293 '

1079 1362 1146 1411 Et
1178 1361 1234 1408 fit
1271 1358 1692 1409 comm.‘D0min.

1019 1423 1117 1470 III.
1140 1432 1257 1485 post
1280 1422 1471 1485 Epiph.

1192 1500 1280 1546 Ad
1300 1500 1519 1547 Laudes

1128 1579 1184 1616 et
1218 1584 1327 1632 per
1359 1570 1585 1616 Horas.

1087 1652 1205 1698 Ant.
1240 1653 1280 1699 1.
1325 1650 1451 1704 Post
1475 1648 1697 1695 triduum

1018 1714 1050 1749 ’¹‘
1082 1716 1388 1765 invenerunt
1422 1718 1605 1766 Jesum
1647 1718 1699 1765 in

1018 1786 1211 1849 templo
1234 1788 1495 1836 sedentem
1520 1790 1576 1836 in
1595 1790 1695 1837 me-

1019 1858 1106 1905 dio
1152 1858 1443 1920 docterum,
1494 1859 1698 1907 audien·

1019 1935 1122 1975 tem
1153 1928 1289 1990 11103,
1313 1937 1361 1977 et
1386 1930 1699 1992 interrogan-

1019 2006 1119 2046 tem
1144 2014 1249 2047 eos·

1083 2073 1167 2119 Ps.
1179 2070 1436 2118 Deminus
1448 2072 1696 2133 regnavit.

1023 2149 1137 2180 cum
1153 2134 1335 2193 reliqu.
1349 2134 1410 2180 de
1421 2133 1628 2181 Domin.
1657 2135 1697 2181 1.

1085 2206 1127 2251 2.
1153 2201 1298 2250 Dixit
1314 2210 1477 2250 mater
1492 2203 1528 2251 J
1530 2216 1621 2250 esu
1636 2203 1698 2250 ad

1020 2270 1192 2318 illum:
1218 2273 1247 2304 '¹‘
1270 2271 1388 2331 Fili,
1422 2273 1547 2332 quid
1582 2272 1699 2320 feci-

1022 2342 1088 2390 sti
1117 2342 1269 2390 nobis
1303 2343 1413 2391 sic?
1454 2342 1591 2390 Ecce
1613 2357 1699 2405 pa-

1021 2420 1099 2459 ter
1118 2420 1237 2461 tuus
1269 2419 1317 2459 et
1352 2426 1446 2473 ego
1470 2412 1700 2460 dolentes

1022 2482 1380 2542 quaerebamus
1401 2490 1466 2530 te.
