1954 2779
243 211 338 271 [60]

526 201 769 249 Officium
792 199 852 245 Β.
876 197 1056 244 Mariae
1078 197 1128 241 in
1154 193 1396 242 Sabbato.

248 277 1657 303 ,ᾗῇ-Ά-

246 325 438 386 cipere,
492 320 774 369 Deminum
837 329 927 363 no·

250 402 412 442 strum
452 393 488 440 J
490 406 632 439 esum
666 388 929 439 Christum

245 465 437 513 Filium
454 470 622 509 tuum:
647 460 745 519 Qui
761 464 929 505 tecum

248 536 393 583 vivit.

422 604 508 651 Ad
539 601 760 650 Laudes

369 682 424 721 et
458 686 567 734 per
600 670 823 717 Horas.

322 755 438 801 Ant.
477 754 516 798 1.
563 747 606 796 Ο
634 747 938 798 admirebile

255 821 645 873 commercium!
669 821 699 853 '³‘
725 820 939 869 Creator

254 895 454 959 generis
486 893 713 953 humeni,
748 890 939 939 anime-

260 976 370 1015 tum
403 978 591 1026 corpus
624 976 843 1021 sumenS,
879 960 940 1007 de
1005 995 1006 1002 ,

260 1037 471 1099 Virgine
513 1034 656 1083 nasci
701 1032 941 1093 dignatus

259 1116 358 1155 est:
393 1115 440 1154 et
472 1105 755 1168 procedens
789 1101 941 1149 homo

265 1178 376 1225 sine
399 1176 605 1235 semine,
629 1173 846 1235 largitus
869 1178 945 1217 est

263 1247 414 1295 nobis
430 1255 582 1293 suam
603 1244 876 1292 Deitetem.

330 1319 414 1367 ps,
439 1318 499 1364 de
521 1317 727 1364 Domin.
758 1315 799 1360 1.

329 1402 370 1445 2.
406 1395 618 1457 Quando
647 1402 798 1440 natus
830 1405 884 1438 es
914 1389 944 1422 ²¹²

258 1460 592 1532 ineffabiliter
623 1477 685 1510 ex
716 1460 944 1522 Virgine,

260 1547 383 1603 tunc
412 1533 636 1596 impletae
670 1540 788 1580 sunt
811 1530 946 1597 Scri-

262 1608 453 1674 ptiirae,
497 1605 628 1652 sicut
670 1592 949 1665 plt'ivia'in

264 1680 430 1729 vellus
446 1674 768 1733 descendisti,
787 1680 843 1720 ut
856 1671 950 1718 sal-

264 1766 387 1799 vum
427 1748 623 1796 faceres
665 1758 825 1807 genus
856 1742 949 1789 hu-

267 1822 499 1870 menum:

267 1892 411 1938 Deus
433 1894 620 1934 noster.

270 1965 279 1970 ’
337 1962 379 2007 3.
416 1957 615 2005 Rubum
638 1967 789 2015 quem
812 1952 951 1998 vide-

268 2037 346 2078 rat
377 2030 406 2062 *
443 2025 652 2087 Moyses
685 2019 952 2075 incombe—

269 2108 417 2159 stum,
434 2093 788 2145 conservatam
799 2090 953 2152 agno-

569 1825 618 1863 te
680 1814 950 1862 laudemus
1009 1847 1014 1851 .

985 328 1048 361 ex
1069 311 1262 361 Jacob:
1285 310 1449 369 Virgo
1467 306 1671 369 peperit

984 381 1330 433 Salvatorem:
1392 387 1443 425 te
1493 376 1671 423 laude-

985 467 1100 501 mus
1121 452 1265 500 Deus
1288 456 1477 497 noster.

1055 526 1096 571 5.
1121 522 1255 569 Ecce
1268 518 1434 567 Maria
1450 519 1479 551 '³‘
1497 515 1674 579 genuit

987 593 1138 640 nobis
1167 589 1501 648 salvatorem,
1521 600 1675 647 quem

988 664 1024 711 J
1027 663 1219 710 oennes
1231 660 1413 707 videns
1428 656 1678 705 exclame-

989 734 1079 793 vit‚
1104 732 1303 779 dicens:
1338 730 1474 777 Ecce
1494 728 1675 788 Agnus

988 804 1103 863 Dei,
1139 815 1256 849 ecce
1287 801 1378 862 qui
1399 798 1535 846 tollit
1558 810 1675 858 pec-

992 874 1104 922 cata
1126 871 1317 930 mundi,
1342 867 1561 927 alleli'ija.

1060 946 1142 992 Ad
1166 941 1353 991 Bened.
1377 941 1496 988 Ant.
1521 937 1679 985 Mire—

992 1013 1098 1068 bile
1128 1012 1429 1073 mysterium
1452 1009 1482 1041 *
1513 1006 1680 1055 decla-

994 1083 1139 1139 retur
1161 1082 1343 1129 hodie:
1366 1079 1681 1127 innoventur

994 1152 1215 1213 natiirae,
1250 1152 1394 1199 Deus
1416 1151 1569 1198 homo
1604 1147 1678 1194 fa—

996 1232 1109 1272 ctus
1152 1229 1253 1270 est:
1302 1221 1355 1269 id
1400 1219 1540 1282 quod
1584 1217 1682 1265 fuit

995 1295 1293 1358 permensit,
1327 1300 1375 1341 et
1407 1289 1545 1351 quod
1575 1302 1680 1335 non

998 1373 1104 1415 erat
1119 1364 1396 1427 asstimpsit
1410 1374 1538 1410 :non
1550 1372 1680 1407 com-

997 1437 1297 1485 mixtionem
1346 1446 1552 1496 passuS,
1595 1443 1679 1477 ne-

999 1522 1098 1569 que
1121 1500 1441 1555 divisienem.

1069 1583 1247 1642 Temp.
1291 1575 1497 1631 Pasch.,
1542 1574 1688 1619 Anti-

1011 1644 1212 1706 phoniS‚
1289 1640 1353 1699 Rz.
1387 1645 1433 1683 et
1455 1634 1573 1688 VV.
1603 1634 1688 1678 ad-

1011 1707 1147 1752 ditur
1166 1703 1265 1750 alle
1289 1701 1385 1761 iija,
1427 1705 1472 1743 et
1497 1695 1558 1742 ad
1581 1695 1690 1741 Ma-

1011 1766 1134 1827 gnis.
1161 1772 1208 1811 et
1231 1760 1418 1810 Bened.
1445 1758 1631 1804 dicitur

1078 1837 1196 1883 Ant.
1229 1831 1422 1894 Regina
1438 1826 1690 1877 coeli*1ae-

1003 1907 1126 1965 tere,
1151 1902 1381 1963 allehija:
1404 1900 1525 1961 quia
1537 1909 1689 1959 quem

1003 1974 1234 2024 meruisti
1282 1971 1514 2034 ponere,
1570 1966 1692 2016 alle-

1004 2045 1135 2105 haja:
1157 2042 1439 2090 resurrexit
1462 2041 1596 2087 sicut
1618 2037 1692 2084 di·

1006 2117 1097 2174 xit,
1119 2112 1351 2172 alleliija:
1370 2125 1460 2158 ora
1484 2123 1581 2172 pro
1603 2121 1694 2154 no-

271 2171 441 2217 vimus
473 2175 613 2213 tuam
640 2161 955 2212 laudabilem
1009 2187 1090 2235 bis
1112 2186 1296 2243 Deum,
1320 2180 1541 2240 allemja·

272 2236 644 2299 virginitatem:
677 2234 775 2281 Dei
803 2232 956 2281 Geni-

270 2307 373 2352 trix
399 2305 655 2351 intercede
678 2318 772 2364 pro
790 2301 956 2349 nobis.

342 2375 384 2419 4.
452 2373 768 2420 Germinevit
812 2369 959 2418 radix

1080 2256 1272 2302 Oratio,
1299 2250 1549 2300 Concede.
1584 2248 1680 2308 [56]

1080 2318 1198 2363 Non
1253 2315 1379 2360 fiunt
1435 2326 1699 2359 commem.

1015 2385 1269 2424 consuetae
1308 2374 1395 2420 sed
1421 2382 1615 2419 tantum
1636 2372 1696 2417 de

276 2443 447 2490 Jesse:
486 2441 516 2472 ³⁸
556 2448 667 2487 orta
698 2448 773 2487 est
813 2437 959 2485 stella
1018 2440 1196 2485 Cruee.
1229 2413 1332 2483 163.
