1954 2779
605 216 879 262 Dominiea
903 217 955 262 in
980 215 1381 276 septuagesima.

274 329 356 376 nis
378 326 547 388 glbria
562 324 962 373 misericerditer

273 397 573 447 liberemur.
608 395 709 443 Per
730 395 884 444 Dfim.

346 465 412 526 87.
426 466 801 515 Benedicdmus
822 466 961 527 Dfm,

274 537 499 598 alleluja,
517 535 738 594 alleluja.
769 540 831 599 Κ.
848 536 960 584 Deo

276 609 487 671 gratiaS,
510 605 730 666 alleluja,
755 606 890 654 allel.

340 680 410 728 Et
442 681 683 742 deinceps
705 695 809 727 non
844 680 966 727 dici-

278 751 362 788 tur
400 738 626 798 Alleluia
692 756 854 808 usque
903 741 965 788 ad

279 803 436 852 Sabb.
457 812 704 851 sanctum.
731 803 831 851 Sed
850 811 966 864 post

277 865 424 911 Deus
452 861 506 908 in
529 859 853 919 adjutdrium,
878 864 965 910 ubi

278 925 549 973 dicebatur
571 920 812 981 Allelu‘a,
843 925 964 971 diei—

276 997 361 1034 tur
411 986 552 1033 Laus
598 982 696 1028 tibi
796 981 964 1029 dmine

279 1048 396 1095 Rex
420 1044 623 1092 aeternae
645 1043 839 1104 gl6riae.

339 1122 396 1171 Si
421 1122 474 1167 in
492 1120 643 1167 Dom.
669 1135 696 1165 a
723 1119 964 1179 Septuag.

277 1197 442 1244 usque
466 1182 531 1229 ad
552 1182 704 1229 Dom.
737 1180 789 1226 in
814 1179 964 1226 Albis

276 1252 517 1294 occurrat
527 1244 741 1291 Festum
753 1240 964 1300 Duplex

276 1306 418 1369 quod
462 1303 732 1352 transferri
780 1301 963 1360 valeat,

276 1368 586 1417 transfertur
638 1367 692 1413 in
747 1364 964 1428 primam

278 1432 413 1478 diem
431 1445 536 1477 non
552 1428 868 1490 impeditam.
887 1424 966 1471 De

279 1493 394 1539 aliis
424 1506 547 1538 vero
571 1488 887 1551 Duplicibus
920 1495 966 1532 et

279 1554 341 1600 de
367 1552 648 1613 Semidupl.
681 1550 737 1596 fit
770 1556 965 1595 tantum

282 1614 643 1661 eoffiemoratio
662 1613 716 1658 in
736 1610 967 1669 utrisque

282 1675 436 1738 Vesp.
453 1683 501 1721 et
517 1675 681 1721 Laud.
700 1690 712 1732 3
730 1680 785 1719 ut
805 1672 901 1717 die.
914 1672 967 1717 in

281 1738 446 1784 Rubr.
471 1737 533 1783 de
556 1737 835 1783 Commem.

445 1848 802 1908 Dominica

326 1930 388 1977 in
423 1928 920 1991 septuagesima.

446 2001 532 2049 Ad
564 2000 798 2049 Laudes.

343 2075 464 2121 Ant.
497 2070 762 2120 Miserere.

456 2150 694 2199 Psalmus
717 2151 793 2197 50.

374 2231 447 2234 ⁴
496 2238 499 2240 ·
544 2220 782 2268 iserere
861 2218 961 2265 mei

308 2284 332 2323 ³¹
370 2283 459 2342 ’ΥζίῗῗῗΛ
499 2288 513 2357 ζ
566 2291 735 2351 Deus,
798 2289 828 2322 *
893 2302 965 2335 se·

287 2372 290 2419 '1
410 2371 460 2433 ‘j
500 2386 505 2403 r
569 2361 792 2409 cundum
859 2373 962 2405 ma-

298 2422 526 2468 2'
567 2445 718 2492 gnam
762 2428 959 2476 miseri-

281 2502 508 2551 cerdiam
539 2509 693 2548 tuam.

1609 211 1696 258 189

1077 325 1145 372 Et
1167 323 1451 371 seeundum
1472 323 1698 372 multitu-

1017 395 1187 442 dinem
1200 393 1586 441 miseratidnum
1598 395 1701 442 tud·

1016 480 1153 524 rum,
1179 465 1208 497 ’¹‘
1232 463 1345 511 dele
1378 463 1699 524 imquitdtem

1016 550 1195 584 meam.

1077 606 1318 668 Amplius
1350 605 1470 653 lava
1508 618 1589 652 me
1634 606 1698 654 ab

1016 677 1285 737 iniquitate
1294 690 1426 724 mea:
1440 675 1470 707 ²¹⁸
1483 684 1532 722 et
1543 691 1572 723 a
1582 690 1698 738 pec-

1017 747 1131 794 cdto
1152 761 1265 794 meo
1289 746 1479 794 munda
1502 760 1596 794 me.

1078 817 1330 877 Qudniam
1375 816 1696 877 iniquitatem

1016 902 1180 936 meam
1195 903 1289 950 ego
1307 887 1563 948 eogndseo
1579 906 1589 935 :
1608 888 1637 920 ’¹‘
1651 896 1700 935 et

1017 959 1284 1020 peecatum
1317 971 1487 1004 meum
1521 966 1699 1004 contra

1016 1041 1097 1075 me
1120 1036 1196 1074 est
1219 1039 1435 1088 semper.

1078 1097 1201 1145 Tibi
1234 1096 1333 1144 soli
1374 1096 1611 1157 peeedvi,
1654 1105 1702 1143 et

1017 1166 1208 1214 malum
1231 1180 1404 1213 eoram
1439 1173 1490 1212 te
1522 1165 1646 1213 feci:
1672 1165 1702 1198 ’¹‘

1018 1246 1073 1284 ut
1085 1237 1376 1296 justificeris
1391 1238 1444 1284 in
1459 1237 1699 1284 sermdni·

1019 1307 1115 1354 bus
1139 1308 1265 1366 tuiS,
1298 1315 1347 1353 et
1379 1309 1557 1355 vineas
1585 1321 1700 1354 eum

1017 1377 1275 1437 judicaris.

1078 1448 1214 1496 Eece
1231 1450 1366 1497 enim
1388 1449 1443 1496 in
1459 1448 1699 1509 iniquita-

1018 1518 1156 1566 tibus
1168 1520 1447 1581 conceptus
1461 1533 1593 1565 sum:
1610 1518 1638 1550 ’¹‘
1652 1525 1700 1565 et

1016 1590 1071 1637 in
1101 1590 1328 1652 peccatis
1360 1589 1596 1650 concepit
1621 1602 1700 1635 me

1017 1668 1178 1708 mater
1201 1672 1328 1706 mea.
1366 1669 1370 1673 ’

1078 1728 1215 1775 Eece
1259 1728 1393 1773 enim
1434 1726 1701 1774 veritatem

1019 1797 1268 1844 dilexisti:
1287 1796 1316 1829 ‘¹‘
1332 1796 1541 1857 ineerta,
1559 1803 1608 1843 et
1625 1810 1702 1844 oc-

1019 1868 1155 1916 culta
1179 1868 1443 1929 sapientiae
1465 1875 1566 1915 tuae
1596 1881 1700 1914 ma-

1019 1937 1273 1985 nifestasti
1295 1938 1436 1985 mihi.

1081 2008 1339 2070 Asperges
1356 2022 1437 2054 me
1455 2007 1698 2070 hyss6p0‚

1018 2085 1067 2124 et
1097 2076 1409 2124 mundabor:
1435 2076 1465 2108 ’¹‘
1494 2076 1697 2124 lavabis

1017 2160 1124 2206 me,
1138 2154 1187 2192 et
1203 2160 1359 2207 super
1375 2147 1546 2192 nivem
1564 2145 1699 2192 deal·

1018 2215 1197 2262 babor.

1078 2284 1291 2332 Auditui
1302 2298 1415 2331 meo
1428 2283 1574 2330 dabis
1585 2283 1702 2345 gau-

1018 2355 1158 2402 dium
1174 2362 1223 2401 et
1238 2353 1491 2401 laetitiam:
1510 2353 1538 2385 ²⁸
1555 2361 1604 2399 et
1621 2366 1700 2399 ex-

1017 2425 1283 2472 sultabunt
1292 2438 1410 2471 ossa
1419 2421 1700 2469 humiliata.

1080 2494 1272 2542 Averte
1295 2491 1478 2538 faeiem
1510 2498 1649 2535 tuam
1673 2500 1702 2531 a
