1954 2779
274 207 342 256 60

341 320 526 369 Βεθτέῖί
548 334 724 367 sumus
742 334 837 381 pro
856 320 960 366 die·
983 313 986 353 l

280 392 393 452 buS,
412 391 600 452 quibus
615 404 710 436 nos
725 389 960 436 humilia-

277 463 371 509 sti:
404 462 434 494 ³¹⁵
465 461 634 520 anniS,
665 459 856 519 quibus
885 459 961 506 vi-

280 532 451 579 dimus
471 530 620 577 mala.
983 518 987 589 1

341 600 561 660 Respice
571 601 625 646 in
636 613 814 646 servos
829 608 960 659 tuOS,

276 680 327 717 et
356 671 409 717 in
432 670 587 730 opera
619 678 729 716 tua:
754 669 784 701 ²¹⁶
808 678 856 716 et
887 670 960 716 di-

277 741 386 801 rige
409 739 548 786 filios
571 739 762 786 eorum.

340 810 408 858 Et
418 809 484 856 sit
495 809 740 870 splendor
749 809 960 857 Domini

274 881 375 928 Dei
398 880 563 928 nostri
585 893 740 940 super
762 893 878 937 nOS,
913 887 960 926 et

274 951 435 1012 opera
477 951 719 997 manuum
761 951 958 997 nostrai·
984 912 988 995 ἱ

275 1036 392 1068 rum
415 1020 578 1082 dirige
599 1033 753 1080 super
775 1034 895 1067 nos:
929 1020 959 1052 ’¹‘
985 998 988 1044 ¹

274 1100 326 1139 et
344 1106 475 1153 opus
496 1091 739 1137 manuum
760 1090 957 1137 nostra—
986 1083 989 1093 “

277 1177 394 1209 rum
418 1161 593 1221 dirige.

643 211 794 258 Feria
817 213 995 271 quinta
1019 212 1081 258 ad
1104 212 1322 259 Laudes.

1076 320 1332 368 Dominus
1347 320 1495 380 quasi
1506 320 1591 366 -vir
1606 334 1702 380 pu-

1017 391 1214 453 gnator,
1247 389 1585 450 Omnipotens
1607 404 1701 437 no—

1015 475 1133 508 men
1156 459 1276 519 ejus.
1297 460 1327 492 ’¹‘
1347 460 1542 507 Currus
1564 459 1700 506 Pha-

1015 530 1189 578 raonis
1213 539 1261 577 et
1287 531 1567 577 exercitum
1590 529 1702 590 ejus

1016 600 1232 662 projecit
1254 601 1308 646 in
1330 613 1483 646 mare.

1076 671 1244 718 Electi
1284 670 1546 731 principes
1589 670 1699 729 ejus

1016 740 1269 788 submersi
1312 748 1431 786 sunt
1471 741 1524 786 in
1563 741 1700 787 Mari

1014 812 1200 859 rubro:
1223 811 1252 843 ²1‘
1277 811 1452 872 abyssi
1486 811 1699 872 operue-

1015 890 1135 928 runt
1146 895 1248 940 eOS‚
1261 880 1632 928 descenderunt
1644 881 1701 926 in

1016 951 1329 1013 profundum
1353 951 1497 1009 quasi
1517 950 1665 1010 lapis,

1074 1021 1302 1069 Dextera
1349 1028 1436 1066 tua
1474 1020 1698 1067 Domine

1014 1091 1338 1153 magnificata
1381 1098 1456 1137 est
1499 1091 1553 1137 in
1594 1089 1697 1136 for-

1013 1162 1256 1209 titudine:
1332 1161 1540 1208 dextera
1609 1169 1697 1206 tua

280 1264 286 1268 -
327 1230 691 1289 Ant.D6mine,
703 1230 960 1291 refugium
1012 1232 1235 1279 Domine
1253 1231 1507 1292 percussit
1528 1229 1695 1276 inimi-

278 1299 443 1347 faetus
467 1313 520 1346 es
544 1300 711 1347 nobis.

343 1372 457 1418 Ant.
531 1373 587 1418 ln
628 1370 893 1418 matutinis
928 1371 957 1404 ’¹‘

274 1441 562 1488 meditabor
582 1441 636 1487 in
660 1448 723 1488 te.

343 1511 531 1558 Psalm.
605 1511 743 1558 Deus
815 1512 959 1559 Deus

275 1586 437 1621 meuS.
471 1574 513 1621 2.

310 1645 426 1690 Ant.
466 1644 759 1692 Cantemus,

299 1724 443 1770 Cant.
457 1724 642 1784 Moysi.
685 1724 937 1772 Exod.15.

281 1794 652 1916 Cantemus
706 1794 955 1841 Domino:

376 1864 598 1925 gloriose
613 1864 748 1910 enim
764 1863 958 1924 magni-

273 1933 457 1980 ficatus
491 1942 589 1993 est,
625 1933 654 1965 ³¹²
688 1947 875 1993 equum
909 1941 957 1979 et

271 2004 596 2051 ascensorem
660 2003 842 2063 dejecit
904 2004 957 2049 in

275 2087 430 2121 mare.
604 2113 607 2116 Α

338 2143 609 2191 Fortitudo
627 2156 752 2202 mea,
778 2152 824 2190 et
845 2143 957 2189 laus

274 2228 387 2261 mea
402 2214 671 2271 DominuS,
685 2213 715 2245 '¹‘
728 2220 775 2259 et
792 2212 957 2260 factus

273 2292 350 2331 est
372 2283 497 2330 mihi
520 2283 574 2329 in
597 2282 838 2329 salutemt

334 2352 440 2400 Iste
452 2353 595 2399 Deus
610 2365 768 2411 meus,
787 2360 835 2398 et
849 2352 956 2412 glo·
986 2337 989 2356 ¹

1015 1316 1146 1350 cum.
1167 1301 1196 1333 ‘¹‘
1214 1302 1282 1348 Et
1300 1301 1352 1347 in
1370 1299 1698 1347 multitudine

1014 1372 1193 1434 gloriae
1251 1379 1351 1419 tuae
1413 1369 1696 1433 deposuisti

1014 1441 1339 1490 adversarios
1372 1450 1513 1489 tuos:

1075 1511 1265 1559 Misisti
1278 1511 1407 1559 iram
1415 1520 1568 1570 tuam,
1581 1523 1696 1570 quae

1015 1583 1283 1631 devoravit
1294 1596 1380 1630 eos
1393 1582 1526 1629 sieut
1534 1581 1695 1641 stipu-

1013 1654 1130 1701 lam.
1150 1653 1180 1685 '1‘
1198 1653 1266 1699 Et
1283 1654 1337 1700 in
1355 1652 1540 1713 spiritu
1556 1650 1694 1698 furo-

1013 1724 1086 1771 ris
1116 1724 1191 1770 tui
1223 1722 1544 1785 congregatae
1576 1729 1695 1767 sunt

1014 1808 1188 1855 aquaez

1075 1865 1226 1913 Stetit
1268 1863 1405 1910 unda
1445 1863 1630 1922 finem,
1666 1864 1695 1893 ⁹²*-

1014 1933 1336 1995 eongregatae
1369 1940 1486 1979 sunt
1518 1932 1695 1993 abyssi

1013 2005 1066 2052 in
1089 2004 1256 2051 medio
1279 2004 1423 2050 mari.

1074 2074 1221 2121 Dixit
1235 2073 1473 2120 inimicus
1488 2090 1499 2119 t
1516 2072 1694 2120 Perse-

1013 2159 1142 2205 quar
1167 2154 1214 2191 et
1248 2142 1694 2206 comprehendam,

1014 2217 1043 2248 '³‘
1089 2214 1312 2261 dividam
1362 2213 1552 2275 spolia,
1602 2213 1694 2260 im-

1013 2284 1239 2345 plebitur
1261 2284 1430 2330 anima
1454 2296 1591 2330 mea:

1074 2353 1377 2415 Evaginabo
1466 2353 1695 2414 gladium

275 2422 488 2469 rificdbo
507 2435 647 2468 eum:
664 2420 695 2453 '¹‘
710 2421 854 2468 Deus
869 2436 957 2483 pa·
1011 2437 1194 2482 meum,
1229 2422 1260 2455 ’¹‘
1294 2422 1570 2470 interficiet
1608 2437 1697 2470 eos

272 2492 367 2539 tris
382 2492 496 2551 mei,
509 2498 557 2537 et
572 2491 808 2538 exaltabo
826 2506 954 2540 eum.
984 2551 988 2558 ‘
1011 2507 1192 2540 manus
1213 2507 1339 2540 mea.
