1954 2779
770 206 869 252 Die
893 207 964 254 26.

342 318 405 369 Y.
438 313 544 363 Hic
568 315 787 378 accipiet
820 317 970 366 bene·

281 383 561 432 dictionem
583 399 612 433 a
634 386 875 449 Domine,
904 389 972 437 al·

285 453 461 514 lehija.
496 455 565 515 Rs».
593 455 661 504 Et
683 457 969 506 misericor·

285 523 423 573 diam
445 539 475 572 a
491 525 603 573 Deo
622 527 835 574 salutari
858 542 966 589 su0‚

282 593 504 655 allehija.

469 676 544 715 Ad
569 677 783 717 Nonam.

342 743 513 803 Capit.
660 745 805 792 Isaiae
821 746 897 793 38.

280 822 418 945 Tu
435 830 603 872 autem
619 825 842 874 Domine
860 841 968 874 eru-

420 893 505 941 isti
529 895 752 943 Animam
785 910 965 955 meam,

285 970 341 1010 ut
389 978 495 1011 non
536 965 753 1027 periret:
800 967 965 1029 proje-

244 1038 251 1041 ”
280 1033 397 1080 cisti
436 1042 555 1095 post
587 1043 787 1097 tergum
821 1045 965 1084 tuum

280 1103 453 1151 omnia
485 1106 696 1165 peccata
728 1120 856 1154 mea.

339 1177 403 1237 R..
424 1178 500 1223 br.
527 1175 631 1223 Hie
648 1177 866 1237 accipiet
883 1177 966 1224 be-

278 1244 623 1292 nedictionem
660 1260 689 1293 a
720 1247 961 1307 Domino,

276 1320 305 1349 ³³*
326 1313 567 1374 Allehija,
585 1314 806 1375 alleh'ija.
842 1317 962 1365 Hic.

276 1389 342 1441 V.
387 1383 455 1431 Et
494 1385 896 1434 misericordiam
935 1403 962 1435 a

278 1454 392 1502 Deo
417 1454 629 1502 salutdri
657 1469 767 1503 suo.
822 1457 961 1505 Ane-

279 1524 399 1585 hija,
424 1525 559 1575 allel.
605 1526 798 1576 Gloria.
843 1527 961 1576 Hie.

318 1600 383 1650 V.
418 1596 591 1645 Vitam
609 1597 756 1657 petiit
778 1611 807 1645 a
825 1604 888 1657 te,
913 1606 962 1645 et

274 1665 505 1712 tribuisti
522 1666 569 1713 ei
584 1666 821 1726 Domine,
845 1668 963 1715 alle-

276 1734 398 1794 hija.
432 1738 497 1796 R·.
528 1735 761 1784 Gl6riam
785 1745 834 1783 et
858 1752 960 1784 ma-

277 1818 435 1866 gnum
461 1805 696 1852 decorem
732 1806 958 1867 imposu-

277 1874 364 1921 isti
387 1887 543 1935 super
576 1888 705 1935 eum,
739 1875 959 1935 allehija.

388 1954 451 2001 In
482 1955 548 2001 11.
581 1954 859 2015 vesperis.

334 2024 518 2072 Omnia
556 2031 609 2070 ut
643 2025 695 2070 in
728 2025 766 2071 Ι.
797 2025 952 2086 Vesp.

272 2088 336 2140 V.
378 2083 603 2133 Amtivit.

330 2160 410 2206 Ad
424 2160 480 2207 M
483 2159 637 2220 agnis.
650 2160 767 2207 Ant.
778 2156 956 2217 Impie-

270 2233 350 2273 tas
366 2225 512 2287 impii
530 2239 637 2273 non
651 2225 859 2273 nocebit
880 2226 926 2272 ei
945 2243 955 2271 :

271 2297 325 2343 in
356 2294 680 2356 quaeiimque
716 2296 798 2343 die
837 2297 980 2343 con-'

993 208 1206 268 Aprilis.
1584 219 1715 284 [205]

1149 323 1250 371 Die
1272 325 1345 374 26.
1370 326 1586 389 Aprilis.

1026 400 1090 452 B.
1114 402 1314 455 Mariae
1342 405 1409 457 V.
1444 404 1515 459 de
1544 407 1706 462 Bono

1231 473 1512 529 Consilio.

1157 551 1365 612 Duplex
1388 552 1564 610 majuS.

1106 641 1178 687 In
1220 641 1259 688 1.
1292 642 1630 704 vesperis·

1055 718 1172 763 Ant.
1191 726 1236 763 et
1251 718 1374 778 Cap.
1389 726 1444 763 ut
1460 719 1522 764 ad
1534 719 1695 767 Laud.

1017 778 1100 825 ΡΞ.
1123 787 1176 824 ut
1205 780 1257 824 in
1275 779 1443 825 Festis
1468 781 1527 827 B.
1547 782 1614 827 M.
1635 783 1696 829 V.

1017 853 1109 899 per
1131 854 1336 886 annum.
1381 843 1476 901 [51]

1077 910 1275 969 Hymn.
1305 912 1412 958 Ave
1425 913 1596 961 maris,
1612 914 1711 973 [54]

1079 988 1143 1040 V.
1179 987 1285 1036 Ora
1307 1003 1403 1050 pro
1422 989 1573 1036 nobis
1594 991 1703 1039 Ma-

1022 1064 1099 1104 ter
1129 1058 1263 1105 Boni
1297 1058 1529 1119 Consilii,
1564 1060 1706 1109 allel.

1016 1130 1082 1189 152.
1121 1128 1194 1176 Ut
1236 1128 1378 1189 digni
1420 1128 1704 1178 efficizimur

1021 1197 1454 1260 promissionibus
1494 1200 1702 1262 Christi,

1020 1268 1241 1329 allehija.

1077 1353 1157 1401 Ad
1181 1352 1392 1415 Magnif.
1419 1354 1538 1402 Ant.
1574 1354 1704 1402 Can-

1020 1421 1115 1468 dor
1147 1430 1223 1468 est
1245 1421 1378 1469 lueis
1402 1424 1619 1484 aeternae,
1653 1431 1702 1471 et

1019 1491 1286 1552 speculum
1343 1494 1453 1541 sine
1500 1493 1699 1542 macula

1018 1560 1117 1608 Dei
1139 1562 1419 1622 majestatis
1451 1571 1499 1611 et
1528 1565 1702 1625 imago

1019 1631 1264 1679 bonitatis
1297 1632 1464 1680 illius:
1505 1642 1553 1680 et
1584 1634 1702 1682 ideo

1017 1701 1148 1749 nihil
1165 1702 1489 1762 inquinatum
1511 1704 1567 1750 in
1589 1717 1700 1750 eam

1018 1771 1248 1831 inetirrit,
1262 1772 1493 1839 ‚allehija

1061 1853 1239 1902 Oratio
1251 1861 1307 1898 ut
1319 1854 1380 1899 ad
1393 1855 1536 1901 Laud
1546 1891 1556 1902 .
1571 1851 1700 1912 [206]

1066 1931 1146 1977 Ad
1163 1932 1414 1992 Complet.
1428 1940 1576 1994 etper
1591 1934 1694 1983 Ho-

1013 2007 1095 2038 ras
1131 1993 1228 2038 diei
1273 1994 1324 2038 in
1368 1993 1466 2040 fine
1499 1995 1692 2055 Hymn.

983 2075 984 2086 π
1014 2053 1221 2101 dicitur:

1079 2123 1217 2182 Jesu,
1241 2122 1335 2169 tibi
1360 2123 1426 2170 sit
1448 2123 1627 2185 gloria,

979 2241 980 2254 χ
1015 2193 1113 2251 Qui
1136 2199 1286 2239 natus
1308 2206 1361 2239 es
1384 2192 1446 2240 de
1465 2194 1698 2255 Virgine.

1188 2280 1274 2328 Ad
1307 2282 1524 2329 Laudes

987 582 990 601 1

985 1647 988 1684 f

271 2365 454 2412 versus
471 2365 627 2413 faerit
644 2364 709 2412 ab
730 2365 958 2426 impietai-
976 2405 977 2428 ἶ

272 2441 321 2482 te
345 2449 451 2495 sua,
488 2436 708 2495 anomia,
733 2435 977 2506 allehija.¹

974 2511 977 2557 Ι

1125 2359 1181 2396 et
1217 2366 1320 2412 per
1359 2353 1575 2400 Horas.

1075 2428 1191 2476 Ant.
1233 2433 1271 2477 1.
1321 2432 1436 2490 Ego
1468 2437 1630 2478 mater
1664 2432 1696 2463 ’¹‘

1012 2498 1243 2558 pulchrae
1285 2498 1603 2555 dileeti6nis,
1643 2505 1694 2543 et
