1954 2779
788 208 887 254 Die
918 209 990 255 18.
1014 209 1204 255 Martii.

534 320 727 370 Oratio,

387 407 492 454 euS,
510 393 600 454 qui
621 393 755 440 inter
771 393 967 442 ceteros

417 463 647 526 Angelos
677 463 743 510 ad
772 478 967 512 annun-

280 535 516 583 tiandum
589 532 966 581 Incarnationis

281 614 384 653 tuae
416 604 718 666 mysterium
752 603 966 653 Gabrie-

281 676 386 723 lem
434 674 817 736 Archangelum
866 674 965 721 ele—

284 744 430 806 gisti:
452 744 673 792 concede
690 742 966 806 propitium

283 820 340 861 ut
363 813 451 874 qui
483 813 670 862 festum
703 813 810 873 ejus
843 813 970 861 cele-

284 883 494 931 bramus
525 884 578 930 in
602 884 769 940 terriS‚
802 882 968 942 ipsius

283 954 629 1015 patrocinium
688 951 968 999 sentiamus

283 1024 337 1071 in
362 1024 534 1072 coelis:
558 1024 658 1082 Qui
681 1023 837 1070 vivis,

352 1096 414 1141 ln
435 1096 687 1155 Quadrag.
712 1093 768 1140 fit
787 1107 966 1140 comm.

288 1158 469 1203 Feriae.

458 1233 532 1271 Ad
560 1235 793 1274 Tertiam.

354 1293 521 1353 Capit.
538 1293 674 1340 Ecce
691 1293 788 1342 vir.
810 1294 936 1354 [198]

350 1373 416 1434 Rz.
432 1372 508 1419 br.
529 1371 681 1422 Stetit
694 1373 925 1435 Angelus
940 1374 969 1406 ‘⁴‘-

284 1444 448 1493 Juxta
464 1456 603 1490 aram
622 1444 816 1506 templi.
864 1444 968 1493 Ste-

280 1514 356 1561 tit.
406 1510 472 1560 Y·
497 1512 711 1562 Habeas
731 1514 966 1563 thuribu-

279 1584 390 1631 lum
442 1583 653 1633 aureum
703 1585 759 1631 in
812 1598 967 1632 manu

280 1667 388 1700 sua.
402 1653 575 1703 Juxta.
595 1652 784 1702 Gloria.
796 1654 963 1704 Stetit.

351 1725 417 1776 V.
473 1724 721 1771 Ascendit
796 1724 968 1771 fumus

286 1792 572 1840 aromatum
605 1793 658 1840 in
689 1794 969 1854 conspectu

283 1861 515 1910 Domini.
580 1865 643 1926 Β».
691 1862 773 1909 De
816 1876 969 1910 manu

286 1931 489 1994 Angeli.

469 2013 542 2051 Ad
575 2012 785 2053 Sextam.

352 2076 516 2138 Capit.
673 2073 805 2121 Dan.
818 2074 859 2121 9.
874 2073 907 2120 f.

383 2159 447 2207 go
471 2153 639 2193 autem
662 2144 778 2192 veni
805 2152 862 2191 ut
893 2144 968 2190 in-

421 2215 646 2263 dicarem
685 2215 806 2274 tibi,
849 2214 969 2274 quia

283 2285 366 2333 vir
388 2284 755 2333 desideriorum
782 2298 851 2332 eS.
886 2284 972 2333 Se-

284 2357 552 2417 ptuaginta
623 2354 969 2403 hebdomades

286 2425 601 2475 abbreviatae
635 2432 776 2485 sunt,
824 2431 882 2471 ut
913 2423 969 2469 fi-

284 2508 402 2543 nem
436 2496 655 2557 accipiat
687 2495 968 2557 peccatum,

1578 210 1702 270 [199]

1023 330 1072 370 et
1119 321 1395 383 impleatur
1443 322 1599 380 visio,
1658 329 1706 367 et

1022 391 1321 454 prophetia,
1383 399 1432 439 et
1485 389 1707 451 ungatur

1022 463 1243 513 Sanctus
1275 461 1586 511 sanctorum.

1083 537 1145 597 Ru
1167 536 1242 583 br.
1268 531 1517 580 Ascendit
1535 529 1707 577 fumus

1022 604 1307 651 aromatum
1338 603 1365 633 ²5²
1397 601 1460 649 In
1493 600 1706 661 conspe-

1022 682 1107 723 ctu
1148 673 1378 721 Domini.
1445 670 1707 721 Ascendit.

1021 747 1087 799 V.
1112 744 1194 791 De
1218 737 1373 790 manu
1396 741 1598 803 Angeli.
1645 740 1707 787 In

1023 813 1303 874 conspectu
1325 812 1551 859 Domini.
1596 810 1713 857 ‹216-

1025 883 1103 929 ria
1124 881 1284 929 Patri.
1319 882 1582 929 Ascendit.

1085 954 1151 1005 V.
1193 950 1252 997 In
1289 951 1569 1012 conspectu
1601 950 1706 1005 An-

1027 1021 1257 1084 gelorum
1322 1020 1541 1082 psallam
1610 1020 1706 1067 tibi

1023 1093 1167 1140 Deus
1185 1105 1344 1139 meuS.
1375 1092 1437 1153 va.
1459 1089 1705 1138 Adorabo

1023 1162 1088 1210 ad
1153 1161 1400 1222 templum
1474 1168 1707 1207 sanctum

1023 1242 1183 1293 tuum,
1219 1239 1267 1278 et
1302 1226 1586 1278 confitebor
1618 1229 1707 1276 no-

1021 1303 1149 1351 mini
1182 1311 1288 1349 tuo,

1207 1385 1283 1423 Ad
1312 1382 1527 1422 Nonam.

1087 1445 1251 1507 Capit.
1398 1442 1527 1489 Dan.
1540 1444 1581 1489 5).
1596 1457 1642 1502 g.

1106 1514 1208 1561 cito
1241 1527 1379 1576 erg0,
1412 1521 1460 1561 et
1483 1513 1708 1561 animad-

1029 1517 1099 1642 ὃ
1136 1584 1305 1631 verte:
1329 1583 1414 1631 Ab
1438 1584 1579 1631 exitu
1604 1597 1709 1630 ser·

1025 1656 1216 1715 monis,
1261 1662 1316 1701 ut
1360 1655 1544 1701 iterum
1590 1654 1707 1701 aedi-

1027 1725 1208 1773 ficetur
1221 1722 1525 1783 Jerusalem,
1545 1736 1709 1783 usque

1026 1795 1090 1841 ad
1102 1794 1362 1843 Christum
1380 1793 1575 1853 ducem,
1591 1793 1711 1839 heb-

1026 1864 1269 1912 domades
1286 1871 1495 1925 septem,
1521 1871 1570 1911 et
1589 1863 1710 1911 heb—

1024 1934 1266 1982 domades
1298 1934 1562 1995 sexaginta
1593 1934 1708 1981 duae

1025 2012 1186 2052 erunt.

1084 2078 1150 2138 Κ.
1195 2078 1273 2125 br.
1317 2073 1381 2121 In
1427 2075 1707 2136 conspectu

1025 2144 1343 2206 Angelorum
1396 2147 1425 2178 ’²³²
1480 2144 1707 2193 Psallam

1023 2214 1119 2261 tibi
1141 2214 1285 2261 Deus
1307 2229 1467 2262 meus·
1507 2216 1571 2262 In
1595 2229 1709 2262 con-

1024 2284 1222 2345 spectu.
1278 2288 1345 2339 Y.
1366 2284 1612 2332 Adorabo
1642 2283 1706 2331 ad

1024 2354 1274 2415 templum
1293 2361 1526 2401 sanctum
1547 2361 1705 2410 tuum,

1026 2432 1076 2470 et
1091 2423 1378 2471 confitebor
1391 2423 1586 2472 nomini
1602 2430 1706 2468 tuo.

1025 2492 1270 2541 Psallam.
1310 2492 1501 2541 Gloria.
1536 2491 1616 2536 In.
