1954 2779
281 221 410 281 [146]
471 214 619 261 Offie.
639 214 798 260 votiv.
818 214 877 259 de
898 214 976 261 Ss.
997 212 1333 259 Eucharistiae
1352 210 1492 259 Sacr.

286 297 1716 389 m

383 418 497 463 euS,
541 404 631 464 qui
672 402 827 450 nobis
871 400 968 448 sub

428 473 759 533 sacramento
812 470 964 518 mird-

283 546 378 594 bili
393 544 650 607 passidnis
666 550 769 590 tuae
783 539 967 588 memd-

285 617 414 664 riam
456 613 737 674 reliquisti:
780 610 968 669 tribue,

287 685 594 747 quaesumus,
628 684 700 730 ita
725 695 823 729 nos
857 680 967 728 061·-

1020 401 1158 448 niam
1178 398 1433 447 deinus
1457 399 1614 448 Jesus
1647 400 1715 447 in

1020 484 1122 531 qua
1134 478 1285 518 nocte
1296 468 1610 529 tradebatur,
1627 484 1718 517 ac-

1021 540 1157 602 eepit
1189 553 1387 602 panem,
1425 547 1475 586 et
1508 539 1713 600 gratias
1758 552 1764 557 ·

1020 624 1175 672 agens
1221 609 1400 671 fregit,
1450 616 1500 656 et
1546 609 1710 657 dixit:

1021 681 1269 742 Accipite,
1294 690 1344 728 et
1372 681 1679 728 manducate
1696 698 1712 728 ε

286 755 429 817 poris
477 763 526 801 et
578 753 844 814 sunguinis
892 751 967 799 tui
994 752 1118 831 ⁴[hoe
1164 759 1243 799 est
1284 765 1473 812 corpus
1516 764 1710 810 meum,

285 839 430 873 saera
447 823 693 886 mysteria
707 822 940 870 venerari
956 837 968 881 ς

286 903 342 944 ut
358 892 726 956 redemptidnis
744 892 972 956 tuaebfru-

288 973 427 1014 ctum
478 966 534 1013 in
585 964 738 1011 nobis
785 963 970 1024 jugiter

287 1036 591 1084 sentiemus:
615 1035 716 1093 Qui
738 1033 888 1081 vivis,

352 1104 413 1148 In
456 1102 555 1148 fine
590 1101 783 1161 Hymn.
821 1098 969 1145 Com—

290 1164 494 1224 pletorii
520 1170 567 1208 et
586 1161 846 1208 Horarum
872 1159 969 1204 die.

355 1234 492 1293 Jesu,
522 1232 619 1279 tibi
643 1232 710 1278 sit
730 1231 894 1292 gldria

289 1306 389 1364 Qui
409 1312 560 1352 natus
583 1317 636 1350 es
659 1303 722 1350 de
739 1302 968 1363 Virgine.

292 1375 489 1421 etiamsi
508 1375 557 1419 in
581 1372 732 1431 Vesp.
754 1370 887 1417 faeta
906 1368 971 1415 sit

292 1444 487 1481 tantum
505 1431 633 1479 coffi.
651 1432 727 1479 Ss.
745 1431 970 1479 Sacram.

466 1523 541 1560 Ad
564 1521 798 1559 Primam.

354 1582 472 1629 Ant.
508 1579 767 1642 Sapientia
793 1580 822 1612 '¹‘
850 1578 969 1625 aedi-

289 1653 465 1703 fiezivit
498 1653 597 1700 sibi
622 1650 844 1710 domum,
880 1650 973 1696 mi-

291 1724 424 1773 scuit
459 1724 658 1782 vinum,
708 1729 756 1768 et
799 1720 972 1783 pdsuit

291 1809 534 1843 mensam.

356 1862 417 1906 In
437 1863 498 1920 152.
518 1861 593 1907 br.
622 1863 677 1913 Υ,
701 1862 800 1920 Qui
823 1870 973 1909 natus

293 1949 347 1983 es
370 1934 432 1981 de
453 1933 619 1980 Maria
640 1931 870 1993 Virgine.

465 2014 539 2052 Ad
570 2013 804 2052 Tertiam.

357 2075 474 2122 Ant.
512 2071 822 2135 Angeldrum
855 2086 970 2120 esea

293 2146 324 2181 ²¹²
346 2144 608 2194 nutrivisti
630 2142 880 2205 p6pulum
901 2150 976 2189 tu-

293 2232 404 2275 um,
452 2223 499 2263 et
532 2228 715 2277 panem
748 2213 811 2260 de
843 2213 973 2261 coelo

295 2285 580 2346 praestitisti
613 2285 705 2331 eis·

359 2361 523 2419 Capit.
604 2363 911 2411 l.Cor.ll.e.

302 2431 573 2548 Fratres:
597 2438 710 2497 Ego
732 2440 866 2485 enim
891 2452 973 2486 ac-

407 2506 520 2565 cepi
535 2519 564 2551 a
578 2505 818 2565 deino‚
833 2508 973 2566 quod

1020 821 1160 883 quod
1172 835 1267 883 pro
1281 821 1433 875 vobis
1447 820 1681 869 tradetur
1695 840 1710 869 :

1022 892 1121 940 hoc
1141 890 1295 938 facite
1316 891 1370 937 in
1386 905 1549 939 meam
1571 903 1718 939 com-

1021 961 1456 1011 memoratidnem.

1089 1034 1155 1093 132.
1189 1034 1267 1079 br.
1295 1032 1488 1080 Panem
1520 1031 1637 1079 coeli
1679 1031 1710 1061 ‘⁴³

1021 1103 1179 1151 Dedit
1210 1102 1298 1150 eis.
1363 1101 1572 1149 Panem.
1641 1101 1712 1152 Y.

1021 1173 1215 1221 Panem
1233 1172 1549 1233 Angeldrum
1565 1184 1709 1219 man-

1023 1244 1234 1292 ducavit
1247 1243 1420 1291 homo·
1439 1241 1597 1289 Dedit
1611 1240 1708 1289 eis·

1029 1313 1205 1361 Gldria
1228 1313 1385 1361 Patri.
1429 1310 1637 1360 Panem.

1091 1386 1156 1438 V.
1172 1384 1379 1434 cibavit
1398 1382 1517 1432 illos
1540 1397 1603 1431 ex
1622 1383 1711 1432 aid-

1023 1457 1109 1518 ipe
1130 1455 1389 1503 frumenti.
1451 1456 1513 1516 R!-
1544 1453 1625 1501 Et.
1645 1455 1710 1503 de

1024 1533 1198 1588 petra,
1254 1525 1405 1573 melle
1457 1525 1709 1573 saturdvit

1027 1610 1132 1644 eOS.

1216 1660 1291 1698 Ad
1320 1659 1534 1698 Sextam.

1092 1727 1210 1774 Ant.
1236 1726 1451 1789 Pinguis
1469 1735 1544 1774 est
1561 1726 1710 1787 panis

1028 1798 1058 1829 '¹‘
1103 1797 1321 1857 Christi,
1366 1805 1414 1844 et
1455 1796 1711 1859 praebebit

1028 1867 1237 1915 delicias
1270 1867 1495 1930 regIbuS.

1128 1939 1291 1998 Capit.
1359 1935 1661 1985 1.Cor.11.f.

1119 2016 1505 2076 uotieselimque
1574 2011 1709 2061 enim

1132 2086 1508 2135 manducabitis
1522 2098 1706 2147 panem

1026 2162 1179 2219 hune,
1198 2165 1245 2204 et
1264 2157 1474 2204 calicem
1494 2154 1706 2203 bibetis:

1028 2237 1245 2278 mortem
1266 2226 1478 2274 D6mini
1512 2238 1708 2273 annun-

1027 2300 1225 2348 tiabitis
1247 2297 1411 2345 donec
1432 2294 1623 2342 veniat.

1001 2383 1004 2396 [
1092 2365 1157 2425 Ην.
1181 2365 1256 2412 br.
1291 2365 1500 2414 cibavit
1532 2364 1652 2412 illos
1678 2365 1704 2394 *²

1027 2438 1107 2484 Ex
1143 2435 1294 2497 adipe
1315 2434 1575 2481 frumenti.
1625 2434 1708 2482 Ci-

1026 2507 1184 2554 bavit.
1253 2502 1316 2554 V.
1351 2504 1419 2551 Et
1451 2504 1514 2550 de
1547 2510 1706 2564 petra,
