1954 2779
658 218 928 266 Orationes
963 227 1081 278 post
1114 219 1340 265 Missam.

291 332 399 379 Fac
420 346 502 380 me
523 333 620 381 tibi
644 347 846 395 semper
866 349 970 382 ma-

505 404 584 463 gis
609 404 830 465 credere,

290 471 354 520 In
395 479 446 519 te
485 486 629 534 spem
668 474 880 535 habere,
922 482 971 522 te

507 543 734 605 diligere.

359 641 402 688 Ο
444 640 739 689 memori-{le
788 644 969 692 mortis

504 709 729 774 D6mini,

289 780 445 829 Panis
461 782 627 842 vivus,
653 784 810 831 vitam
832 798 964 845 prae-

500 860 641 900 stans
664 853 884 901 hdmini:

285 921 482 971 Praesta
503 936 629 970 meae
650 924 808 971 menti
833 924 895 970 de
918 930 969 971 te

497 993 687 1052 vivere,

283 1062 353 1110 Et
386 1069 436 1109 te
466 1062 544 1110 illi
585 1076 786 1125 semper
818 1062 967 1109 dulce

494 1133 690 1194 sdpere.

352 1230 443 1278 Pie
515 1229 768 1292 pellicdne
838 1228 968 1278 Jesu

495 1299 732 1360 deine,

282 1370 368 1420 Me
410 1370 731 1419 immundum
772 1369 963 1418 munda

450 1488 457 1493 ,
491 1449 579 1491 tuo
604 1441 875 1504 sanguine:

283 1511 441 1574 Cujus
464 1527 564 1561 una
590 1511 730 1560 stilla
759 1512 961 1559 salvum

498 1582 669 1631 facere

281 1654 469 1701 Totum
491 1653 739 1700 mundum
762 1653 874 1713 quit
897 1652 962 1699 ab

493 1723 633 1770 omni
655 1722 863 1770 scelere.

351 1824 497 1879 Jesu,
543 1831 695 1878 quem
737 1816 965 1864 velatum

491 1904 629 1936 nunc
651 1888 861 1950 aspicio,

283 1959 390 2008 Oro
413 1958 501 2007 fiat
530 1959 673 2021 illud,
697 1959 837 2020 quod
858 1966 963 2007 tam

500 2029 645 2077 sitio:

283 2099 354 2149 Ut
399 2106 447 2147 te
490 2098 716 2148 revelata
749 2113 962 2148 cernens

457 2167 462 2172 ’
491 2169 638 2230 facie,

280 2241 409 2290 Visu
426 2240 523 2287 sim
540 2239 719 2288 beatus
736 2247 838 2288 tuae
853 2239 962 2302 g16-

495 2309 600 2358 riae.
637 2310 818 2358 Amen.

388 2385 561 2436 Indulg.
582 2388 661 2425 100
680 2384 861 2426 dierum.

285 2439 371 2478 Leo
392 2439 472 2478 PP.
490 2438 617 2478 XHL
635 2442 698 2478 20.
718 2439 822 2478 Dec.
846 2441 962 2478 1884.

1550 187 1554 191 ’
1582 227 1708 288 [283]

1162 335 1587 397 Aspimtiones

1028 406 1082 455 S.
1100 404 1288 467 Ignatii
1304 405 1370 453 ad
1387 406 1465 456 Ss.
1489 406 1707 456 Redem-

1259 474 1474 529 ptorem.

1106 537 1246 584 nima
1269 536 1461 585 Christi
1485 538 1707 586 sanctifi-

1146 622 1205 655 ca
1218 620 1313 655 me.
1337 607 1541 669 Corpus
1560 608 1706 656 Chri-

1025 678 1091 726 sti
1132 678 1278 726 salva
1321 691 1419 726 me.
1484 678 1705 740 Sanguis

1025 748 1218 798 Christi
1231 748 1431 796 inebria
1445 762 1538 796 me.
1555 748 1707 809 Aqua

1021 819 1199 867 lziteris
1234 819 1428 867 Christi
1460 819 1581 867 lava
1610 833 1705 868 me.

1025 888 1208 936 Pzissio
1242 888 1435 935 Christi
1475 887 1709 935 confdrta

1023 971 1119 1005 me.
1150 958 1195 1005 Ο
1214 956 1348 1005 bone
1361 957 1397 1006 J
1399 971 1503 1017 esu,
1524 958 1708 1006 exaudi

1023 1041 1118 1075 me.
1182 1027 1327 1075 Intra
1365 1035 1454 1075 tua
1489 1027 1705 1076 vulnera

1024 1097 1283 1145 abscdnde
1316 1111 1415 1145 me.
1479 1098 1559 1147 Ne
1589 1111 1705 1160 per-

1023 1167 1196 1214 mittas
1227 1180 1308 1214 me
1330 1167 1559 1229 separati
1589 1182 1619 1215 a
1640 1175 1704 1217 te.

1023 1237 1107 1284 Ab
1154 1236 1302 1284 hoste
1347 1235 1575 1298 maligno
1620 1237 1703 1284 de-

1023 1306 1175 1354 fende
1194 1319 1291 1355 me.
1334 1305 1398 1354 In
1420 1306 1548 1355 hora
1569 1321 1704 1355 mor-

1023 1377 1089 1425 tis
1112 1391 1238 1425 meae
1256 1391 1387 1425 voca
1406 1392 1501 1425 me.
1535 1377 1604 1426 Et
1628 1376 1703 1437 ju-

1022 1449 1086 1496 be
1117 1462 1199 1496 me
1232 1448 1408 1496 venire
1441 1449 1505 1496 ad
1538 1455 1614 1507 te,
1649 1456 1706 1496 ut

1022 1533 1138 1568 cum
1163 1519 1354 1567 sanctis
1377 1518 1479 1567 tuis
1500 1519 1702 1567 laudem

1021 1597 1070 1638 te
1092 1590 1147 1637 in
1165 1589 1353 1637 saecula
1381 1590 1704 1639 saeculdrum.

1022 1661 1203 1708 Amen.

1023 1734 1127 1773 Post
1158 1733 1335 1772 Missam
1367 1730 1541 1781 Induis-g.
1579 1735 1599 1770 7
1631 1744 1700 1770 an-

1023 1799 1175 1829 norum
1205 1783 1337 1825 semel
1370 1784 1410 1823 in
1454 1784 1546 1834 di03
1577 1784 1702 1823 aliter

1023 1842 1097 1877 :1300
1109 1838 1272 1877 dim-um
1290 1836 1418 1875 toties
1434 1836 1618 1885 quoties.
1635 1838 1700 1874 ln-

1022 1890 1141 1940 dulg.
1159 1892 1321 1940 plenar.
1337 1889 1468 1928 semel
1481 1888 1526 1928 in
1541 1900 1698 1937 mense,

1021 1945 1056 1983 si
1084 1945 1176 1983 haee
1200 1941 1346 1981 ‹Ji-atio
1377 1941 1570 1990 quotidie
1600 1940 1699 1980 reui-

1024 1999 1154 2036 tatur.
1178 1996 1279 2034 Pius
1303 1993 1380 2033 IX.
1406 1997 1442 2032 ἐξ).
1466 1994 1558 2035 Jan.
1582 1994 1696 2032 1854.

1166 2087 1403 2140 Oblatio
1435 2088 1550 2140 sui.

1101 2158 1280 2218 uscipe
1324 2156 1547 2206 deine
1581 2157 1701 2205 'uni-

1026 2162 1098 2285 S
1131 2229 1335 2277 versam
1359 2240 1525 2275 meam
1545 2227 1701 2275 liber-

1019 2299 1189 2346 tatem.
1238 2297 1434 2358 Accipe
1466 2296 1701 2345 memdri-

1019 2383 1128 2428 am,
1205 2367 1551 2425 intellectum,
1629 2374 1701 2414 at-

1019 2452 1119 2499 que
1137 2437 1456 2486 voluntatem
1480 2449 1700 2483 omnem.

1020 2507 1281 2568 Quidquid
1292 2505 1474 2565 habeo,
1485 2503 1570 2551 vel
1581 2516 1702 2564 pos-
