1954 2779
275 216 402 277 [198]

774 220 869 263 Die
904 222 967 263 1⁵5.
993 218 1180 263 Martii.

275 329 468 390 Deum,
517 338 567 377 et
612 330 801 378 missus
845 344 959 377 sum
982 360 987 419 1
1013 329 1139 377 Tuae
1171 329 1236 376 ad
1259 329 1487 378 tribunal
1516 332 1709 392 gratiae

274 399 418 461 loqui
451 401 516 448 ad
546 409 611 448 te.

322 474 365 519 4.
393 470 962 531 GabrielAngelusflo-

275 542 426 589 cutus
442 548 519 588 est
536 541 731 600 Μυῖα,
756 541 954 588 dicens:

273 612 410 660 Eece
432 610 692 671 concipies
715 612 769 658 in
793 611 954 670 litem,

275 688 325 728 et
340 680 510 743 paties
526 679 712 739 filium,
739 688 788 727 et
805 681 957 728 voea-

275 751 355 798 bis
376 764 563 798 nomen
587 749 695 810 ejus
719 751 916 799 Jesum.

346 823 389 869 5.
422 821 568 869 Dixit
598 829 765 869 autem
792 822 958 870 Maria

274 892 303 924 *
316 892 381 940 ad
393 891 647 954 Angelum
661 910 672 939 ι
685 892 955 951 Qudmodo

274 962 361 1011 fiet
393 964 558 1023 istud,
602 964 844 1025 qudniam
881 963 955 1010 vi-

273 1046 386 1080 rum
417 1048 523 1081 non
546 1036 839 1096 eogndseo?
889 1033 955 1080 Et

272 1103 589 1164 respdndens
618 1105 830 1155 Gabriel
855 1106 957 1152 An-

272 1172 433 1234 geluS,
465 1174 594 1222 dixit
625 1176 696 1223 ei:
729 1175 955 1237 Spiritus

273 1250 480 1290 sanetus
527 1246 854 1307 superveniet
900 1246 954 1292 in

273 1320 345 1373 te,
395 1322 443 1361 et
488 1316 654 1364 virtus
702 1316 955 1364 Altissimi

271 1384 604 1433 obumbrabit
634 1386 745 1434 tibi.

332 1452 495 1511 Capit.
645 1453 775 1500 Dan.
791 1455 834 1501 9.
853 1455 885 1502 f.

278 1522 358 1643 F
369 1536 456 1570 ece
467 1522 548 1569 vir
561 1522 788 1582 Gabriel,
799 1536 951 1583 quem

332 1619 362 1644 A
406 1592 635 1642 videram
669 1594 720 1640 in
754 1593 953 1642 visi6ne

271 1681 300 1715 a
332 1665 604 1729 principie,
638 1665 739 1713 cito
769 1664 954 1712 volans

271 1738 436 1800 tetigit
454 1751 535 1784 me
551 1737 605 1784 in
624 1737 853 1798 tempore
875 1749 951 1782 sa-

273 1806 456 1855 crificii
472 1805 768 1868 vespertini.
787 1805 854 1853 Et
870 1804 954 1852 ‹16-

271 1879 377 1925 euit
410 1891 513 1935 me,
560 1883 608 1923 et
638 1876 843 1922 loeutus
877 1883 953 1922 est

269 1946 418 2006 mihi,
461 1945 717 2005 dixitque:
762 1944 977 1994 Daniel*

268 2031 405 2065 nune
447 2015 682 2078 egressus
732 2029 845 2063 sum
896 2023 952 2063 ut

269 2088 505 2137 docerem
552 2094 623 2146 te,
672 2094 720 2134 et
765 2085 951 2133 intelli-

267 2173 427 2222 geres.

474 2227 729 2286 Hymnus,

359 2296 529 2343 laeare
553 2296 756 2344 Christe
778 2297 949 2345 sdrvu-

505 2364 585 2422 lis,

266 2433 465 2488 Quibus
511 2432 681 2479 Patris
731 2434 946 2482 clemen-

507 2502 629 2548 tiam

1012 398 1238 446 Patrdna
1260 399 1423 462 Virgo
1454 401 1710 463 postulat.

1075 470 1140 516 Et
1161 483 1273 528 vos,
1310 469 1458 517 beata
1488 484 1583 532 per
1605 486 1705 519 no·

1252 553 1371 587 vem

1011 609 1271 659 Distineta
1292 623 1451 672 gyros
1475 611 1704 672 agmina,

1012 679 1242 739 Antiqua
1282 695 1399 728 eum
1431 680 1703 742 praesenti·

1011 818 1209 867 Futura
1232 750 1418 869 dlalxlgna
1440 821 1634 883 pellite.

1080 889 1290 938 Auferte
1314 900 1514 952 gentem
1542 892 1696 954 perfi-

1011 961 1429 1081 Credentigzmde
1449 1033 1662 1093 finibuS,

1014 1100 1084 1149 Ut
1117 1115 1253 1149 unus
1284 1116 1462 1151 omnes
1482 1103 1693 1152 unicum

979 1134 983 1207 Ι
1011 1170 1162 1219 Ovsse
1182 1185 1279 1219 nos
1303 1181 1482 1234 pastor
1500 1182 1659 1236 regat.

1070 1243 1182 1288 Deo
1205 1242 1348 1290 Patri
1373 1243 1441 1291 sit
1460 1243 1641 1305 gldria,

1010 1310 1248 1371 Natdque
1269 1313 1439 1361 Patris
1460 1314 1628 1374 unico,

1010 1380 1199 1430 Sancto
1236 1383 1392 1432 simul
1417 1383 1692 1444 ParaclitO,

1007 1450 1071 1499 In
1094 1453 1404 1515 sempiterna
1428 1454 1629 1504 saecula.

1250 1526 1430 1574 Amen.

1050 1591 1113 1650 W.
1135 1594 1287 1642 Stetit
1304 1595 1533 1657 Angelus
1550 1595 1690 1655 juxta

1008 1678 1148 1712 aram
1164 1665 1359 1728 templi.
1388 1669 1452 1728 R·.
1472 1666 1690 1714 Habens

1008 1734 1331 1783 thuribulum
1376 1736 1585 1784 aureum
1636 1738 1688 1783 in

1008 1818 1161 1853 manu
1196 1819 1303 1853 sua.

1079 1877 1159 1923 Ad
1193 1877 1381 1924 Bened.
1428 1879 1544 1925 Ant.
1595 1877 1688 1924 (ἐέ-

1008 1946 1139 1993 briel
1191 1947 1422 2008 Angelus
1481 1948 1686 1996 deseen-

1007 2016 1080 2064 dit
1114 2017 1178 2064 ad
1201 2017 1514 2078 Zachariam,
1546 2025 1595 2065 et
1619 2019 1688 2065 ait

1004 2086 1109 2134 illi:
1141 2087 1290 2136 Uxor
1305 2095 1392 2134 tua
1409 2087 1576 2149 pariet
1591 2087 1685 2135 tibi

1004 2158 1187 2217 filium,
1207 2165 1255 2205 et
1270 2157 1485 2205 vocabis
1501 2172 1686 2206 nomen

1004 2229 1112 2288 ejus
1145 2228 1415 2288 Joannem,
1455 2236 1502 2276 et
1536 2228 1685 2276 multi

1002 2299 1056 2345 in
1100 2297 1368 2344 nativitate
1409 2298 1521 2357 eius
1562 2312 1681 2359 gau-

1004 2367 1220 2414 debunt:
1253 2367 1366 2427 ipse
1387 2368 1520 2413 enim
1553 2381 1682 2428 prae·

1002 2435 1097 2483 ibit
1128 2443 1244 2482 ante
1265 2434 1449 2482 faeiem
1471 2436 1680 2484 deini

1001 2504 1184 2565 parare
1207 2505 1319 2551 vias
1342 2504 1464 2563 ejus,
