1954 2779
355 214 463 259 Oet.
479 212 993 273 Patroe.s.Joseph.-

260 329 432 376 mento
475 341 567 375 suo
604 341 767 387 novo,
810 329 947 390 quod
1110 331 1174 376 In
1204 331 1270 376 11.
1294 330 1571 391 vesperis.

261 397 520 446 exciderat
551 397 605 444 in
638 406 799 460 petra.

318 472 383 531 Ru
406 470 483 518 br.
514 467 650 516 Vere
672 469 818 517 locus
849 469 944 519 iste

258 544 466 586 sanetus
518 547 621 600 est,
671 543 700 575 ²¹⁶
747 540 945 588 Allelu-

255 608 319 668 ia,
353 607 574 669 alleluja.
617 606 752 656 Vere
784 609 944 659 locust.

255 685 321 738 Y.
370 679 438 728 Et
485 693 581 740 ego
629 681 937 729 nesciebam.

253 749 494 811 Alleluia,
526 750 749 812 alleluja.

253 819 330 866 ria
353 821 512 869 Patri.
553 819 696 869 Vere.
964 858 965 867 ,

320 886 383 945 XV.
407 890 483 939 Te
529 891 673 938 decet
718 890 967 951 hymnus&

254 960 398 1007 Deus
430 960 484 1005 in
517 959 670 1019 Sion,
717 959 937 1019 alleluja.

256 1033 319 1091 R.
348 1030 415 1077 Et
447 1027 541 1075 tibi
575 1027 818 1075 reddetur
849 1043 939 1075 vo-

254 1108 362 1147 tum
393 1099 447 1146 in
467 1096 775 1157 Jerusalem,
801 1097 937 1146 allel.

437 1183 512 1221 Ad
541 1184 754 1222 Nonam.

319 1239 482 1301 Capit.
615 1238 738 1285 Luc.
750 1238 877 1285 24.c.

362 1325 428 1358 na
459 1311 661 1358 sabbati
681 1310 832 1357 valde
867 1311 940 1359 di-

254 1418 259 1423 .
374 1380 550 1431 luculo
565 1381 818 1429 venerunt
832 1396 940 1430 mu-

250 1452 403 1500 lieres
438 1453 504 1501 ad
535 1452 937 1516 monumentum,

250 1523 542 1586 portanteS,
578 1537 690 1587 quae
721 1525 938 1586 parave-

248 1603 378 1655 rant,
407 1595 634 1643 ardmata
658 1603 707 1641 et
728 1594 939 1641 invene·

249 1671 368 1710 runt
397 1664 623 1725 lapidem
645 1662 936 1712 revolutum

250 1732 313 1778 de
335 1732 682 1779 monumenta

813 752 939 800 Glo-

318 1803 378 1863 8).
413 1804 489 1850 br.
538 1801 615 1850 Te
657 1802 802 1851 deeet
845 1802 937 1865 hy-

249 1885 398 1919 mnus
439 1872 583 1920 Deus
626 1873 680 1919 in
724 1871 866 1921 Sion.
910 1875 937 1906 ³³

246 1941 495 2004 Alleluia,
549 1942 772 2003 alleluja.
860 1943 936 1991 Te

247 2014 407 2061 decet.
448 2008 600 2068 ant
635 2014 732 2061 tibi
754 2015 936 2063 redde·

244 2093 328 2133 tur
347 2092 525 2133 votum
548 2084 602 2131 in
623 2084 934 2133 Jerusalem.

242 2156 480 2218 Alleluia,
503 2155 724 2217 alleluja.
755 2153 937 2203 Gldria

243 2227 402 2275 Patri.
435 2227 527 2276 Te.

316 2298 382 2350 V.
396 2295 664 2358 Leipidem,
687 2310 838 2357 quem
861 2310 936 2343 re-

242 2367 626 2428 probaverunt,
709 2365 931 2425 alleluja.

252 2435 430 2499 RQHie
460 2435 626 2484 faetus
661 2442 739 2483 est
769 2435 822 2481 in
855 2449 934 2483 ca-

242 2513 337 2570 put
358 2505 549 2567 anguli,
569 2504 792 2565 alleluja.

375 2666 520 2718 Propr.
542 2665 587 2709 0.
609 2665 675 2708 Ss.
694 2664 920 2717 Redempt.

1007 214 1526 263 H.M.V.deMiseric.
1592 219 1681 266 17*

1057 412 1241 460 Omnia
1289 420 1344 459 ut
1390 412 1442 458 in
1483 413 1678 473 primis,

995 483 1179 534 praeter
1196 475 1285 521 ult.
1302 473 1386 521 Ps.
1405 474 1548 534 cujus
1567 475 1678 523 loeo

996 536 1078 583 ΡΒ.
1115 536 1216 582 136.
1264 536 1435 599 Super
1474 537 1683 587 fiumina

999 597 1301 660 Babyldnis.
1338 605 1394 643 ut
1436 598 1486 643 in
1521 600 1678 659 Vesp.

995 658 1131 705 feriae
1155 656 1218 706 V.
1253 666 1300 705 et
1334 674 1475 721 sequ.

1059 732 1120 792 Y.
1150 739 1330 802 Ipsum
1374 750 1552 802 gentes
1598 743 1683 791 de-

996 811 1373 871 precabuntur,
1462 811 1684 873 alleluja.

995 879 1059 937 R.
1097 880 1163 928 Et
1201 882 1303 929 erit
1344 881 1685 943 Sepulchrum

996 951 1103 1010 ejus
1128 951 1426 1011 gloridsum,
1462 950 1682 1012 alleluja.

1059 1026 1142 1073 Ad
1184 1026 1398 1085 Magnis.
1438 1030 1557 1075 Ant.
1597 1029 1678 1077 In-

995 1099 1256 1147 troet'mtes
1294 1101 1349 1147 in
1384 1101 1683 1149 monumen·

995 1178 1126 1231 tum,
1167 1170 1411 1218 viderunt
1444 1170 1681 1230 juvenem

995 1239 1257 1289 sedentem
1279 1240 1334 1287 in
1351 1240 1576 1288 dexteris
1599 1254 1680 1288 eo-

996 1310 1230 1373 opertum
1272 1311 1404 1358 stola
1447 1310 1680 1368 cdndida,

996 1388 1044 1429 et
1058 1380 1448 1444 obstupuerunt,
1459 1380 1679 1440 alleluja.

1055 1457 1256 1506 Deinde
1295 1451 1353 1506 fit'
1375 1461 1500 1507 coffi.
1525 1459 1676 1510 Dom.

993 1583 1201 1631 Domin.
1218 1581 1311 1630 IV.
1329 1591 1447 1645 post
1464 1581 1678 1631 Pascha.

1206 1661 1248 1709 O
1271 1676 1297 1707 ο
1315 1669 1332 1707 t
1349 1675 1376 1707 a
1395 1676 1427 1707 v
1447 1675 1474 1706 a

992 1729 1322 1785 Patrocinii
1344 1731 1405 1784 S.
1430 1731 1467 1783 J
1470 1730 1672 1793 oseph.

1224 1810 1448 1873 Duplex.

1055 1893 1239 1940 Omnia
1313 1901 1366 1938 ut
1429 1892 1482 1937 in
1547 1891 1674 1938 festo

993 1952 1145 2001 Dom.
1187 1951 1286 2000 ΙΙΙ.
1333 1961 1449 2015 post
1493 1952 1674 2001 Paseh.

1018 2073 1172 2122 Feria
1196 2072 1267 2121 11.
1290 2072 1652 2132 Rogationum.

992 2156 1055 2209 Β.
1078 2152 1280 2207 Mariae
1303 2152 1369 2204 V.
1403 2151 1474 2203 de
1507 2151 1675 2205 Mise-

1201 2222 1475 2277 ricordia.

1130 2303 1339 2364 Duplex
1361 2308 1539 2366 majuS.

1055 2384 1240 2433 Omnia
1289 2382 1356 2430 ‘ut
1422 2387 1473 2442 in
1533 2386 1675 2432 festis

989 2448 1051 2495 B.
1071 2445 1246 2492 Mariae
1269 2445 1330 2492 V.
1355 2462 1446 2509 per
1472 2460 1672 2504 annum,

991 2516 1177 2571 praeter
1201 2508 1327 2555 Orat
1352 2523 1490 2569 sequ.

1435 2649 1465 2694 2
