<?xml version="1.0" encoding="UTF-8"?>
<!DOCTYPE html PUBLIC "-//W3C//DTD XHTML 1.0 Transitional//EN"
    "http://www.w3.org/TR/xhtml1/DTD/xhtml1-transitional.dtd">
<html xmlns="http://www.w3.org/1999/xhtml" xml:lang="en" lang="en">
 <head>
  <title>
</title>
<meta http-equiv="Content-Type" content="text/html;charset=utf-8" />
  <meta name='ocr-system' content='tesseract 3.04.00' />
  <meta name='ocr-capabilities' content='ocr_page ocr_carea ocr_par ocr_line ocrx_word'/>
</head>
<body>
  <div class='ocr_page' id='page_1' title='image "./horaediurnaebre00unkngoog_0492.png"; bbox 0 0 1954 2779; ppageno 0'>
   <div class='ocr_carea' id='block_1_1' title="bbox 193 160 1711 190">
    <p class='ocr_par' dir='ltr' id='par_1_1' title="bbox 193 160 1711 190">
     <span class='ocr_line' id='line_1_1' title="bbox 193 160 1711 190; baseline -0.017 0"><span class='ocrx_word' id='word_1_1' title='bbox 193 160 1711 190; x_wconf 54' lang='grc' dir='ltr'><em>Μ</em></span> 
     </span>
    </p>
   </div>
   <div class='ocr_carea' id='block_1_2' title="bbox 620 214 1294 274">
    <p class='ocr_par' dir='ltr' id='par_1_2' title="bbox 620 214 1294 274">
     <span class='ocr_line' id='line_1_2' title="bbox 620 214 1294 274; baseline -0.018 -5"><span class='ocrx_word' id='word_1_2' title='bbox 620 224 767 269; x_wconf 78' lang='lat' dir='ltr'><strong>Festa</strong></span> <span class='ocrx_word' id='word_1_3' title='bbox 792 218 1043 267; x_wconf 51' lang='lat' dir='ltr'><strong>‚Ianuarii</strong></span> <span class='ocrx_word' id='word_1_4' title='bbox 1079 216 1174 274; x_wconf 54' lang='lat'><strong>420.</strong></span> <span class='ocrx_word' id='word_1_5' title='bbox 1199 214 1294 271; x_wconf 58' lang='lat'><strong>21.)</strong></span> 
     </span>
    </p>
   </div>
   <div class='ocr_carea' id='block_1_3' title="bbox 239 227 331 274">
    <p class='ocr_par' dir='ltr' id='par_1_3' title="bbox 239 227 331 274">
     <span class='ocr_line' id='line_1_3' title="bbox 239 227 331 274; baseline -0.022 1"><span class='ocrx_word' id='word_1_6' title='bbox 239 227 331 274; x_wconf 85' lang='lat'><strong>356</strong></span> 
     </span>
    </p>
   </div>
   <div class='ocr_carea' id='block_1_4' title="bbox 248 322 1555 399">
    <p class='ocr_par' dir='ltr' id='par_1_4' title="bbox 248 322 1555 399">
     <span class='ocr_line' id='line_1_4' title="bbox 248 322 1555 399; baseline -0.018 -7"><span class='ocrx_word' id='word_1_7' title='bbox 248 344 447 391; x_wconf 78' lang='lat' dir='ltr'><strong>etorum</strong></span> <span class='ocrx_word' id='word_1_8' title='bbox 468 339 674 387; x_wconf 78' lang='lat' dir='ltr'><strong>tuorum</strong></span> <span class='ocrx_word' id='word_1_9' title='bbox 704 333 925 399; x_wconf 84' lang='lat' dir='ltr'><strong>patroei-</strong></span> <span class='ocrx_word' id='word_1_10' title='bbox 1084 328 1182 376; x_wconf 86' lang='lat' dir='ltr'><strong>Die</strong></span> <span class='ocrx_word' id='word_1_11' title='bbox 1205 328 1281 374; x_wconf 81' lang='lat'><strong>21.</strong></span> <span class='ocrx_word' id='word_1_12' title='bbox 1304 324 1339 373; x_wconf 85' lang='lat' dir='ltr'><strong>J</strong></span> <span class='ocrx_word' id='word_1_13' title='bbox 1341 322 1555 371; x_wconf 88' lang='lat' dir='ltr'><strong>anuarii.</strong></span> 
     </span>
    </p>
   </div>
   <div class='ocr_carea' id='block_1_5' title="bbox 245 409 930 809">
    <p class='ocr_par' dir='ltr' id='par_1_5' title="bbox 245 409 930 809">
     <span class='ocr_line' id='line_1_5' title="bbox 245 409 926 473; baseline -0.019 -11"><span class='ocrx_word' id='word_1_14' title='bbox 245 416 331 461; x_wconf 90' lang='lat' dir='ltr'><strong>nio</strong></span> <span class='ocrx_word' id='word_1_15' title='bbox 362 409 763 473; x_wconf 59' lang='lat' dir='ltr'><strong>supplicentem:</strong></span> <span class='ocrx_word' id='word_1_16' title='bbox 798 413 853 452; x_wconf 93' lang='lat' dir='ltr'><strong>ut</strong></span> <span class='ocrx_word' id='word_1_17' title='bbox 878 410 926 450; x_wconf 90' lang='lat' dir='ltr'><strong>et</strong></span> 
     </span>
     <span class='ocr_line' id='line_1_6' title="bbox 246 473 926 544; baseline -0.018 -12"><span class='ocrx_word' id='word_1_18' title='bbox 246 479 543 544; x_wconf 60' lang='lat' dir='ltr'><strong>temporelis</strong></span> <span class='ocrx_word' id='word_1_19' title='bbox 567 478 686 525; x_wconf 85' lang='lat' dir='ltr'><strong>vitae</strong></span> <span class='ocrx_word' id='word_1_20' title='bbox 718 489 814 523; x_wconf 90' lang='lat' dir='ltr'><strong>nos</strong></span> <span class='ocrx_word' id='word_1_21' title='bbox 837 473 926 521; x_wconf 76' lang='lat' dir='ltr'><strong>tri-</strong></span> 
     </span>
     <span class='ocr_line' id='line_1_7' title="bbox 249 546 928 611; baseline -0.019 -9"><span class='ocrx_word' id='word_1_22' title='bbox 249 555 378 602; x_wconf 88' lang='lat' dir='ltr'><strong>buas</strong></span> <span class='ocrx_word' id='word_1_23' title='bbox 424 563 549 611; x_wconf 85' lang='lat' dir='ltr'><strong>pace</strong></span> <span class='ocrx_word' id='word_1_24' title='bbox 592 546 837 609; x_wconf 79' lang='lat' dir='ltr'><strong>gaudere,</strong></span> <span class='ocrx_word' id='word_1_25' title='bbox 880 551 928 590; x_wconf 88' lang='lat' dir='ltr'><strong>et</strong></span> 
     </span>
     <span class='ocr_line' id='line_1_8' title="bbox 249 612 928 679; baseline -0.018 -8"><span class='ocrx_word' id='word_1_26' title='bbox 249 623 450 671; x_wconf 78' lang='lat' dir='ltr'><strong>aeternae</strong></span> <span class='ocrx_word' id='word_1_27' title='bbox 494 616 719 679; x_wconf 83' lang='lat' dir='ltr'><strong>reperire</strong></span> <span class='ocrx_word' id='word_1_28' title='bbox 761 612 928 662; x_wconf 77' lang='lat' dir='ltr'><strong>subsi-</strong></span> 
     </span>
     <span class='ocr_line' id='line_1_9' title="bbox 248 685 930 741; baseline -0.016 -1"><span class='ocrx_word' id='word_1_29' title='bbox 248 693 407 741; x_wconf 90' lang='lat' dir='ltr'><strong>dium.</strong></span> <span class='ocrx_word' id='word_1_30' title='bbox 492 688 593 736; x_wconf 89' lang='lat' dir='ltr'><strong>Per</strong></span> <span class='ocrx_word' id='word_1_31' title='bbox 645 685 930 733; x_wconf 74' lang='lat' dir='ltr'><strong>Deminum</strong></span> 
     </span>
     <span class='ocr_line' id='line_1_10' title="bbox 252 768 501 809; baseline -0.012 0"><span class='ocrx_word' id='word_1_32' title='bbox 252 768 501 809; x_wconf 89' lang='lat' dir='ltr'><strong>nostrum.</strong></span> 
     </span>
    </p>
   </div>
   <div class='ocr_carea' id='block_1_6' title="bbox 251 827 925 940">
    <p class='ocr_par' dir='ltr' id='par_1_6' title="bbox 251 827 925 940">
     <span class='ocr_line' id='line_1_11' title="bbox 310 827 925 887; baseline -0.01 -12"><span class='ocrx_word' id='word_1_33' title='bbox 310 829 370 875; x_wconf 88' lang='lat' dir='ltr'><strong>In</strong></span> <span class='ocrx_word' id='word_1_34' title='bbox 395 827 560 875; x_wconf 85' lang='lat' dir='ltr'><strong>Laud.</strong></span> <span class='ocrx_word' id='word_1_35' title='bbox 591 840 685 887; x_wconf 90' lang='lat' dir='ltr'><strong>pro</strong></span> <span class='ocrx_word' id='word_1_36' title='bbox 717 828 925 873; x_wconf 74' lang='lat' dir='ltr'><strong>comem.</strong></span> 
     </span>
     <span class='ocr_line' id='line_1_12' title="bbox 251 887 893 940; baseline -0.014 0"><span class='ocrx_word' id='word_1_37' title='bbox 251 893 331 940; x_wconf 69' lang='lat' dir='ltr'><strong>Ss.</strong></span> <span class='ocrx_word' id='word_1_38' title='bbox 353 888 506 937; x_wconf 81' lang='lat' dir='ltr'><strong>Marii</strong></span> <span class='ocrx_word' id='word_1_39' title='bbox 529 895 576 934; x_wconf 87' lang='lat' dir='ltr'><strong>et</strong></span> <span class='ocrx_word' id='word_1_40' title='bbox 601 889 716 937; x_wconf 80' lang='lat' dir='ltr'><strong>Soc.</strong></span> <span class='ocrx_word' id='word_1_41' title='bbox 741 887 893 934; x_wconf 82' lang='lat' dir='ltr'><strong>Mart.</strong></span> 
     </span>
    </p>
   </div>
   <div class='ocr_carea' id='block_1_7' title="bbox 319 954 930 1018">
    <p class='ocr_par' dir='ltr' id='par_1_7' title="bbox 319 954 930 1018">
     <span class='ocr_line' id='line_1_13' title="bbox 319 954 930 1018; baseline -0.016 -8"><span class='ocrx_word' id='word_1_42' title='bbox 319 963 438 1010; x_wconf 83' lang='lat' dir='ltr'><strong>Ant.</strong></span> <span class='ocrx_word' id='word_1_43' title='bbox 462 958 634 1007; x_wconf 85' lang='lat' dir='ltr'>Vestri</span> <span class='ocrx_word' id='word_1_44' title='bbox 652 954 843 1018; x_wconf 84' lang='lat' dir='ltr'><strong>capilli.</strong></span> <span class='ocrx_word' id='word_1_45' title='bbox 864 957 930 1009; x_wconf 68' lang='lat' dir='ltr'><strong>V.</strong></span> 
     </span>
    </p>
   </div>
   <div class='ocr_carea' id='block_1_8' title="bbox 253 1027 749 1088">
    <p class='ocr_par' dir='ltr' id='par_1_8' title="bbox 253 1027 749 1088">
     <span class='ocr_line' id='line_1_14' title="bbox 253 1027 749 1088; baseline -0.02 -5"><span class='ocrx_word' id='word_1_46' title='bbox 253 1031 619 1083; x_wconf 67' lang='lat' dir='ltr'><strong>Exsultdbunt.</strong></span> <span class='ocrx_word' id='word_1_47' title='bbox 654 1027 749 1088; x_wconf 81' lang='lat'>[22]</span> 
     </span>
    </p>
   </div>
   <div class='ocr_carea' id='block_1_9' title="bbox 256 1102 928 1223">
    <p class='ocr_par' dir='ltr' id='par_1_9' title="bbox 256 1102 928 1223">
     <span class='ocr_line' id='line_1_15' title="bbox 315 1102 928 1164; baseline -0.013 -13"><span class='ocrx_word' id='word_1_48' title='bbox 315 1104 558 1164; x_wconf 82' lang='lat' dir='ltr'><strong>Vesperae</strong></span> <span class='ocrx_word' id='word_1_49' title='bbox 577 1102 638 1148; x_wconf 88' lang='lat' dir='ltr'><strong>de</strong></span> <span class='ocrx_word' id='word_1_50' title='bbox 657 1113 795 1159; x_wconf 87' lang='lat' dir='ltr'><strong>sequ.</strong></span> <span class='ocrx_word' id='word_1_51' title='bbox 815 1111 928 1144; x_wconf 81' lang='lat' dir='ltr'><strong>cum</strong></span> 
     </span>
     <span class='ocr_line' id='line_1_16' title="bbox 256 1161 760 1223; baseline -0.012 -10"><span class='ocrx_word' id='word_1_52' title='bbox 256 1179 518 1213; x_wconf 81' lang='lat' dir='ltr'><strong>commem.</strong></span> <span class='ocrx_word' id='word_1_53' title='bbox 543 1161 760 1223; x_wconf 84' lang='lat' dir='ltr'><strong>praeced.</strong></span> 
     </span>
    </p>
   </div>
   <div class='ocr_carea' id='block_1_10' title="bbox 357 1270 835 1325">
    <p class='ocr_par' dir='ltr' id='par_1_10' title="bbox 357 1270 835 1325">
     <span class='ocr_line' id='line_1_17' title="bbox 357 1270 835 1325; baseline -0.021 1"><span class='ocrx_word' id='word_1_54' title='bbox 357 1278 457 1325; x_wconf 88' lang='lat' dir='ltr'><strong>Die</strong></span> <span class='ocrx_word' id='word_1_55' title='bbox 477 1277 555 1324; x_wconf 81' lang='lat'><strong>20.</strong></span> <span class='ocrx_word' id='word_1_56' title='bbox 578 1274 613 1323; x_wconf 85' lang='lat' dir='ltr'><strong>J</strong></span> <span class='ocrx_word' id='word_1_57' title='bbox 615 1270 835 1321; x_wconf 88' lang='lat' dir='ltr'><strong>anuarii.</strong></span> 
     </span>
    </p>
   </div>
   <div class='ocr_carea' id='block_1_11' title="bbox 280 1343 918 1550">
    <p class='ocr_par' dir='ltr' id='par_1_11' title="bbox 280 1343 918 1550">
     <span class='ocr_line' id='line_1_18' title="bbox 280 1343 918 1407; baseline -0.022 -4"><span class='ocrx_word' id='word_1_58' title='bbox 280 1349 376 1402; x_wconf 86' lang='lat' dir='ltr'><strong>Ss.</strong></span> <span class='ocrx_word' id='word_1_59' title='bbox 399 1343 648 1400; x_wconf 85' lang='lat' dir='ltr'><strong>Fabiani</strong></span> <span class='ocrx_word' id='word_1_60' title='bbox 683 1348 839 1407; x_wconf 80' lang='lat' dir='ltr'><strong>Papae</strong></span> <span class='ocrx_word' id='word_1_61' title='bbox 871 1352 918 1389; x_wconf 87' lang='lat' dir='ltr'><strong>et</strong></span> 
     </span>
     <span class='ocr_line' id='line_1_19' title="bbox 337 1413 858 1471; baseline -0.019 0"><span class='ocrx_word' id='word_1_62' title='bbox 337 1413 687 1471; x_wconf 72' lang='lat' dir='ltr'><strong>sebastiani</strong></span> <span class='ocrx_word' id='word_1_63' title='bbox 707 1418 858 1463; x_wconf 85' lang='lat' dir='ltr'><strong>Mart.</strong></span> 
     </span>
     <span class='ocr_line' id='line_1_20' title="bbox 351 1486 841 1550; baseline -0.016 -13"><span class='ocrx_word' id='word_1_64' title='bbox 351 1490 575 1550; x_wconf 81' lang='lat' dir='ltr'><strong>Duplex.</strong></span> <span class='ocrx_word' id='word_1_65' title='bbox 643 1486 841 1534; x_wconf 80' lang='lat' dir='ltr'>Oratio,</span> 
     </span>
    </p>
   </div>
   <div class='ocr_carea' id='block_1_12' title="bbox 264 1554 948 2110">
    <p class='ocr_par' dir='ltr' id='par_1_12' title="bbox 264 1554 948 2110">
     <span class='ocr_line' id='line_1_21' title="bbox 277 1554 943 1684; baseline -0.014 -79"><span class='ocrx_word' id='word_1_66' title='bbox 277 1554 648 1684; x_wconf 55' lang='lat' dir='ltr'><strong>Infirmitatem</strong></span> <span class='ocrx_word' id='word_1_67' title='bbox 712 1558 943 1598; x_wconf 84' lang='lat' dir='ltr'><strong>nostram</strong></span> 
     </span>
     <span class='ocr_line' id='line_1_22' title="bbox 358 1621 944 1688; baseline -0.015 -13"><span class='ocrx_word' id='word_1_68' title='bbox 358 1625 580 1688; x_wconf 77' lang='lat' dir='ltr'><strong>respice,</strong></span> <span class='ocrx_word' id='word_1_69' title='bbox 621 1621 944 1683; x_wconf 86' lang='lat' dir='ltr'><strong>omnipotens</strong></span> 
     </span>
     <span class='ocr_line' id='line_1_23' title="bbox 265 1691 945 1756; baseline -0.019 -7"><span class='ocrx_word' id='word_1_70' title='bbox 265 1701 432 1749; x_wconf 86' lang='lat' dir='ltr'><strong>Deus:</strong></span> <span class='ocrx_word' id='word_1_71' title='bbox 479 1704 527 1743; x_wconf 89' lang='lat' dir='ltr'><strong>et</strong></span> <span class='ocrx_word' id='word_1_72' title='bbox 574 1694 696 1756; x_wconf 90' lang='lat' dir='ltr'><strong>quia</strong></span> <span class='ocrx_word' id='word_1_73' title='bbox 741 1691 945 1755; x_wconf 88' lang='lat' dir='ltr'><strong>pondus</strong></span> 
     </span>
     <span class='ocr_line' id='line_1_24' title="bbox 264 1764 944 1834; baseline -0.018 -15"><span class='ocrx_word' id='word_1_74' title='bbox 264 1768 491 1834; x_wconf 76' lang='lat' dir='ltr'><strong>propriae</strong></span> <span class='ocrx_word' id='word_1_75' title='bbox 513 1764 730 1813; x_wconf 78' lang='lat' dir='ltr'><strong>actionis</strong></span> <span class='ocrx_word' id='word_1_76' title='bbox 748 1768 944 1825; x_wconf 86' lang='lat' dir='ltr'><strong>gravat,</strong></span> 
     </span>
     <span class='ocr_line' id='line_1_25' title="bbox 265 1832 946 1895; baseline -0.019 -5"><span class='ocrx_word' id='word_1_77' title='bbox 265 1840 532 1890; x_wconf 78' lang='lat' dir='ltr'><strong>beatorum</strong></span> <span class='ocrx_word' id='word_1_78' title='bbox 564 1834 802 1895; x_wconf 60' lang='lat' dir='ltr'><strong>Meirtyrfi</strong></span> <span class='ocrx_word' id='word_1_79' title='bbox 836 1832 946 1879; x_wconf 78' lang='lat' dir='ltr'><strong>tuo-</strong></span> 
     </span>
     <span class='ocr_line' id='line_1_26' title="bbox 265 1901 947 1958; baseline -0.016 0"><span class='ocrx_word' id='word_1_80' title='bbox 265 1924 380 1958; x_wconf 92' lang='lat' dir='ltr'><strong>rum</strong></span> <span class='ocrx_word' id='word_1_81' title='bbox 393 1905 614 1956; x_wconf 68' lang='lat' dir='ltr'><strong>Fabizini</strong></span> <span class='ocrx_word' id='word_1_82' title='bbox 627 1911 675 1951; x_wconf 91' lang='lat' dir='ltr'><strong>et</strong></span> <span class='ocrx_word' id='word_1_83' title='bbox 692 1901 947 1952; x_wconf 60' lang='lat' dir='ltr'><strong>Sebastia-</strong></span> 
     </span>
     <span class='ocr_line' id='line_1_27' title="bbox 266 1970 947 2033; baseline -0.018 -5"><span class='ocrx_word' id='word_1_84' title='bbox 266 1981 320 2028; x_wconf 86' lang='lat' dir='ltr'><strong>ni</strong></span> <span class='ocrx_word' id='word_1_85' title='bbox 371 1974 671 2026; x_wconf 78' lang='lat' dir='ltr'><strong>intercessio</strong></span> <span class='ocrx_word' id='word_1_86' title='bbox 720 1970 947 2033; x_wconf 78' lang='lat' dir='ltr'><strong>gloriosa</strong></span> 
     </span>
     <span class='ocr_line' id='line_1_28' title="bbox 267 2039 948 2110; baseline -0.016 -12"><span class='ocrx_word' id='word_1_87' title='bbox 267 2063 363 2097; x_wconf 90' lang='lat' dir='ltr'><strong>nos</strong></span> <span class='ocrx_word' id='word_1_88' title='bbox 381 2048 634 2110; x_wconf 78' lang='lat' dir='ltr'><strong>protegat.</strong></span> <span class='ocrx_word' id='word_1_89' title='bbox 657 2041 758 2089; x_wconf 86' lang='lat' dir='ltr'><strong>Per</strong></span> <span class='ocrx_word' id='word_1_90' title='bbox 771 2039 948 2088; x_wconf 79' lang='lat' dir='ltr'><strong>Demi-</strong></span> 
     </span>
    </p>
   </div>
   <div class='ocr_carea' id='block_1_13' title="bbox 274 2124 943 2242">
    <p class='ocr_par' dir='ltr' id='par_1_13' title="bbox 274 2124 943 2242">
     <span class='ocr_line' id='line_1_29' title="bbox 274 2124 670 2167; baseline -0.023 1"><span class='ocrx_word' id='word_1_91' title='bbox 274 2133 397 2167; x_wconf 90' lang='lat' dir='ltr'><strong>num</strong></span> <span class='ocrx_word' id='word_1_92' title='bbox 421 2124 670 2164; x_wconf 89' lang='lat' dir='ltr'><strong>nostrum.</strong></span> 
     </span>
     <span class='ocr_line' id='line_1_30' title="bbox 329 2180 943 2242; baseline -0.018 -7"><span class='ocrx_word' id='word_1_93' title='bbox 329 2190 392 2235; x_wconf 86' lang='lat' dir='ltr'><strong>Et</strong></span> <span class='ocrx_word' id='word_1_94' title='bbox 419 2189 472 2233; x_wconf 83' lang='lat' dir='ltr'><strong>fit</strong></span> <span class='ocrx_word' id='word_1_95' title='bbox 499 2180 943 2242; x_wconf 72' lang='lat' dir='ltr'><strong>comem.praeeed.</strong></span> 
     </span>
    </p>
   </div>
   <div class='ocr_carea' id='block_1_14' title="bbox 272 2244 954 2305">
    <p class='ocr_par' dir='ltr' id='par_1_14' title="bbox 272 2244 954 2305">
     <span class='ocr_line' id='line_1_31' title="bbox 272 2244 954 2305; baseline -0.009 -9"><span class='ocrx_word' id='word_1_96' title='bbox 272 2253 390 2296; x_wconf 83' lang='lat' dir='ltr'><strong>Ant.</strong></span> <span class='ocrx_word' id='word_1_97' title='bbox 416 2247 517 2305; x_wconf 86' lang='lat' dir='ltr'><strong>Qui</strong></span> <span class='ocrx_word' id='word_1_98' title='bbox 535 2244 660 2292; x_wconf 78' lang='lat' dir='ltr'><strong>vult.</strong></span> <span class='ocrx_word' id='word_1_99' title='bbox 683 2245 748 2295; x_wconf 73' lang='lat' dir='ltr'><strong>V.</strong></span> <span class='ocrx_word' id='word_1_100' title='bbox 772 2244 954 2291; x_wconf 86' lang='lat' dir='ltr'><strong>Justus</strong></span> 
     </span>
    </p>
   </div>
   <div class='ocr_carea' id='block_1_15' title="bbox 272 2315 946 2502">
    <p class='ocr_par' dir='ltr' id='par_1_15' title="bbox 272 2315 946 2502">
     <span class='ocr_line' id='line_1_32' title="bbox 272 2315 668 2376; baseline -0.01 -12"><span class='ocrx_word' id='word_1_101' title='bbox 272 2325 328 2364; x_wconf 89' lang='lat' dir='ltr'><strong>ut</strong></span> <span class='ocrx_word' id='word_1_102' title='bbox 351 2316 538 2376; x_wconf 85' lang='lat' dir='ltr'><strong>palma.</strong></span> <span class='ocrx_word' id='word_1_103' title='bbox 573 2315 668 2372; x_wconf 87' lang='lat'>[14]</span> 
     </span>
     <span class='ocr_line' id='line_1_33' title="bbox 335 2381 946 2441; baseline -0.008 -13"><span class='ocrx_word' id='word_1_104' title='bbox 335 2384 490 2441; x_wconf 83' lang='lat' dir='ltr'><strong>Vesp.</strong></span> <span class='ocrx_word' id='word_1_105' title='bbox 507 2396 534 2427; x_wconf 80' lang='lat' dir='ltr'>a</span> <span class='ocrx_word' id='word_1_106' title='bbox 551 2383 716 2441; x_wconf 85' lang='lat' dir='ltr'><strong>Capit.</strong></span> <span class='ocrx_word' id='word_1_107' title='bbox 733 2381 793 2426; x_wconf 84' lang='lat' dir='ltr'><strong>de</strong></span> <span class='ocrx_word' id='word_1_108' title='bbox 809 2394 946 2439; x_wconf 81' lang='lat' dir='ltr'><strong>sequ.</strong></span> 
     </span>
     <span class='ocr_line' id='line_1_34' title="bbox 276 2441 919 2502; baseline -0.006 -13"><span class='ocrx_word' id='word_1_109' title='bbox 276 2458 388 2489; x_wconf 77' lang='lat' dir='ltr'><strong>cum</strong></span> <span class='ocrx_word' id='word_1_110' title='bbox 413 2456 677 2488; x_wconf 88' lang='lat' dir='ltr'><strong>commem.</strong></span> <span class='ocrx_word' id='word_1_111' title='bbox 699 2441 919 2502; x_wconf 83' lang='lat' dir='ltr'><strong>praeeed.</strong></span> 
     </span>
    </p>
   </div>
   <div class='ocr_carea' id='block_1_16' title="bbox 982 395 1659 534">
    <p class='ocr_par' dir='ltr' id='par_1_16' title="bbox 982 395 1659 534">
     <span class='ocr_line' id='line_1_35' title="bbox 982 395 1659 462; baseline -0.019 -9"><span class='ocrx_word' id='word_1_112' title='bbox 982 401 1044 453; x_wconf 91' lang='lat' dir='ltr'><strong>S.</strong></span> <span class='ocrx_word' id='word_1_113' title='bbox 1061 395 1316 462; x_wconf 78' lang='lat' dir='ltr'><strong>Agnetis</strong></span> <span class='ocrx_word' id='word_1_114' title='bbox 1338 401 1483 459; x_wconf 82' lang='lat' dir='ltr'><strong>Virg.</strong></span> <span class='ocrx_word' id='word_1_115' title='bbox 1508 397 1659 444; x_wconf 81' lang='lat' dir='ltr'><strong>Mart.</strong></span> 
     </span>
     <span class='ocr_line' id='line_1_36' title="bbox 1204 473 1427 534; baseline -0.027 -12"><span class='ocrx_word' id='word_1_116' title='bbox 1204 473 1427 534; x_wconf 80' lang='lat' dir='ltr'><strong>Duplex.</strong></span> 
     </span>
    </p>
   </div>
   <div class='ocr_carea' id='block_1_17' title="bbox 981 538 1663 785">
    <p class='ocr_par' dir='ltr' id='par_1_17' title="bbox 981 538 1663 785">
     <span class='ocr_line' id='line_1_37' title="bbox 1043 538 1659 607; baseline -0.023 -12"><span class='ocrx_word' id='word_1_117' title='bbox 1043 546 1255 607; x_wconf 86' lang='lat' dir='ltr'><strong>Quando</strong></span> <span class='ocrx_word' id='word_1_118' title='bbox 1270 543 1475 601; x_wconf 83' lang='lat' dir='ltr'><strong>LVesp.</strong></span> <span class='ocrx_word' id='word_1_119' title='bbox 1487 538 1659 584; x_wconf 82' lang='lat' dir='ltr'><strong>dieen-</strong></span> 
     </span>
     <span class='ocr_line' id='line_1_38' title="bbox 981 598 1662 665; baseline -0.022 -7"><span class='ocrx_word' id='word_1_120' title='bbox 981 612 1057 657; x_wconf 84' lang='lat' dir='ltr'><strong>dae</strong></span> <span class='ocrx_word' id='word_1_121' title='bbox 1081 611 1183 656; x_wconf 88' lang='lat' dir='ltr'><strong>sint</strong></span> <span class='ocrx_word' id='word_1_122' title='bbox 1205 608 1430 665; x_wconf 77' lang='lat' dir='ltr'>integrae,</span> <span class='ocrx_word' id='word_1_123' title='bbox 1450 601 1573 648; x_wconf 88' lang='lat' dir='ltr'><strong>Ant.</strong></span> <span class='ocrx_word' id='word_1_124' title='bbox 1600 598 1662 644; x_wconf 89' lang='lat' dir='ltr'><strong>de</strong></span> 
     </span>
     <span class='ocr_line' id='line_1_39' title="bbox 981 661 1663 721; baseline -0.022 -1"><span class='ocrx_word' id='word_1_125' title='bbox 981 671 1146 720; x_wconf 87' lang='lat' dir='ltr'><strong>Laud.</strong></span> <span class='ocrx_word' id='word_1_126' title='bbox 1181 669 1268 715; x_wconf 85' lang='lat' dir='ltr'><strong>Ps.</strong></span> <span class='ocrx_word' id='word_1_127' title='bbox 1291 673 1346 712; x_wconf 89' lang='lat' dir='ltr'><strong>ut</strong></span> <span class='ocrx_word' id='word_1_128' title='bbox 1366 665 1419 710; x_wconf 86' lang='lat' dir='ltr'><strong>in</strong></span> <span class='ocrx_word' id='word_1_129' title='bbox 1443 662 1485 709; x_wconf 89' lang='grc' dir='ltr'><strong>Ι.</strong></span> <span class='ocrx_word' id='word_1_130' title='bbox 1509 661 1663 721; x_wconf 85' lang='lat' dir='ltr'><strong>Vesp.</strong></span> 
     </span>
     <span class='ocr_line' id='line_1_40' title="bbox 984 725 1655 785; baseline -0.024 -4"><span class='ocrx_word' id='word_1_131' title='bbox 984 736 1045 781; x_wconf 89' lang='lat' dir='ltr'><strong>de</strong></span> <span class='ocrx_word' id='word_1_132' title='bbox 1069 728 1339 780; x_wconf 88' lang='lat' dir='ltr'><strong>Communi</strong></span> <span class='ocrx_word' id='word_1_133' title='bbox 1363 726 1545 785; x_wconf 88' lang='lat' dir='ltr'><strong>Apost.</strong></span> <span class='ocrx_word' id='word_1_134' title='bbox 1588 725 1655 784; x_wconf 89' lang='lat'><strong>[1]</strong></span> 
     </span>
    </p>
   </div>
   <div class='ocr_carea' id='block_1_18' title="bbox 1046 803 1602 871">
    <p class='ocr_par' dir='ltr' id='par_1_18' title="bbox 1046 803 1602 871">
     <span class='ocr_line' id='line_1_41' title="bbox 1046 803 1602 871; baseline -0.023 -13"><span class='ocrx_word' id='word_1_135' title='bbox 1046 811 1208 871; x_wconf 86' lang='lat' dir='ltr'>Capit.</span> <span class='ocrx_word' id='word_1_136' title='bbox 1339 803 1500 851; x_wconf 84' lang='lat' dir='ltr'><strong>Eceli.</strong></span> <span class='ocrx_word' id='word_1_137' title='bbox 1528 803 1602 846; x_wconf 80' lang='lat'><strong>51.</strong></span> 
     </span>
    </p>
   </div>
   <div class='ocr_carea' id='block_1_19' title="bbox 989 881 1675 1368">
    <p class='ocr_par' dir='ltr' id='par_1_19' title="bbox 989 881 1675 1368">
     <span class='ocr_line' id='line_1_42' title="bbox 1072 881 1673 937; baseline -0.017 0"><span class='ocrx_word' id='word_1_138' title='bbox 1072 885 1325 937; x_wconf 70' lang='lat' dir='ltr'><strong>enfitebor</strong></span> <span class='ocrx_word' id='word_1_139' title='bbox 1363 883 1459 931; x_wconf 92' lang='lat' dir='ltr'><strong>tibi</strong></span> <span class='ocrx_word' id='word_1_140' title='bbox 1491 881 1673 929; x_wconf 77' lang='lat' dir='ltr'><strong>Domi—</strong></span> 
     </span>
     <span class='ocr_line' id='line_1_43' title="bbox 994 892 1673 1016; baseline -0.013 -9"><span class='ocrx_word' id='word_1_141' title='bbox 994 892 1065 1016; x_wconf 49' lang='grc' dir='ltr'><strong>(ἶ</strong></span> <span class='ocrx_word' id='word_1_142' title='bbox 1119 972 1183 1005; x_wconf 91' lang='lat' dir='ltr'><strong>ne</strong></span> <span class='ocrx_word' id='word_1_143' title='bbox 1215 955 1352 1013; x_wconf 87' lang='lat' dir='ltr'>Rex,</span> <span class='ocrx_word' id='word_1_144' title='bbox 1395 960 1445 1000; x_wconf 89' lang='lat' dir='ltr'><strong>et</strong></span> <span class='ocrx_word' id='word_1_145' title='bbox 1478 951 1673 1000; x_wconf 85' lang='lat' dir='ltr'><strong>collau-</strong></span> 
     </span>
     <span class='ocr_line' id='line_1_44' title="bbox 990 1022 1675 1079; baseline -0.016 1"><span class='ocrx_word' id='word_1_146' title='bbox 990 1031 1126 1079; x_wconf 60' lang='lat' dir='ltr'><strong>dabo</strong></span> <span class='ocrx_word' id='word_1_147' title='bbox 1159 1036 1208 1075; x_wconf 89' lang='lat' dir='ltr'><strong>te</strong></span> <span class='ocrx_word' id='word_1_148' title='bbox 1239 1026 1406 1073; x_wconf 90' lang='lat' dir='ltr'><strong>Deum</strong></span> <span class='ocrx_word' id='word_1_149' title='bbox 1437 1022 1675 1073; x_wconf 76' lang='lat' dir='ltr'><strong>Salvato-</strong></span> 
     </span>
     <span class='ocr_line' id='line_1_45' title="bbox 989 1092 1675 1149; baseline -0.016 0"><span class='ocrx_word' id='word_1_150' title='bbox 989 1115 1099 1149; x_wconf 90' lang='lat' dir='ltr'><strong>rem</strong></span> <span class='ocrx_word' id='word_1_151' title='bbox 1131 1111 1315 1146; x_wconf 89' lang='lat' dir='ltr'><strong>meum.</strong></span> <span class='ocrx_word' id='word_1_152' title='bbox 1373 1092 1675 1142; x_wconf 75' lang='lat' dir='ltr'><strong>Confitebor</strong></span> 
     </span>
     <span class='ocr_line' id='line_1_46' title="bbox 991 1161 1675 1226; baseline -0.016 -7"><span class='ocrx_word' id='word_1_153' title='bbox 991 1169 1186 1219; x_wconf 79' lang='lat' dir='ltr'><strong>nomini</strong></span> <span class='ocrx_word' id='word_1_154' title='bbox 1204 1176 1292 1215; x_wconf 91' lang='lat' dir='ltr'><strong>tuo</strong></span> <span class='ocrx_word' id='word_1_155' title='bbox 1305 1183 1316 1213; x_wconf 72' lang='grc' dir='ltr'><strong><em>ε</em></strong></span> <span class='ocrx_word' id='word_1_156' title='bbox 1332 1164 1576 1226; x_wconf 75' lang='lat' dir='ltr'><strong>queniam</strong></span> <span class='ocrx_word' id='word_1_157' title='bbox 1589 1161 1675 1210; x_wconf 87' lang='lat' dir='ltr'><strong>ad-</strong></span> 
     </span>
     <span class='ocr_line' id='line_1_47' title="bbox 992 1233 1674 1302; baseline -0.015 -14"><span class='ocrx_word' id='word_1_158' title='bbox 992 1240 1129 1302; x_wconf 77' lang='lat' dir='ltr'><strong>jutor</strong></span> <span class='ocrx_word' id='word_1_159' title='bbox 1150 1246 1198 1285; x_wconf 91' lang='lat' dir='ltr'><strong>et</strong></span> <span class='ocrx_word' id='word_1_160' title='bbox 1220 1236 1482 1299; x_wconf 72' lang='lat' dir='ltr'><strong>protector</strong></span> <span class='ocrx_word' id='word_1_161' title='bbox 1503 1233 1674 1281; x_wconf 83' lang='lat' dir='ltr'><strong>faetus</strong></span> 
     </span>
     <span class='ocr_line' id='line_1_48' title="bbox 995 1305 1675 1368; baseline -0.015 -9"><span class='ocrx_word' id='word_1_162' title='bbox 995 1325 1048 1359; x_wconf 90' lang='lat' dir='ltr'><strong>es</strong></span> <span class='ocrx_word' id='word_1_163' title='bbox 1068 1309 1208 1368; x_wconf 85' lang='lat' dir='ltr'><strong>mihi,</strong></span> <span class='ocrx_word' id='word_1_164' title='bbox 1234 1315 1284 1355; x_wconf 90' lang='lat' dir='ltr'><strong>et</strong></span> <span class='ocrx_word' id='word_1_165' title='bbox 1304 1305 1537 1353; x_wconf 64' lang='lat' dir='ltr'><strong>liberfisti</strong></span> <span class='ocrx_word' id='word_1_166' title='bbox 1562 1317 1675 1351; x_wconf 89' lang='lat' dir='ltr'><strong>eor·</strong></span> 
     </span>
    </p>
   </div>
   <div class='ocr_carea' id='block_1_20' title="bbox 951 413 970 1454">
    <p class='ocr_par' dir='ltr' id='par_1_20' title="bbox 951 413 970 1454">
     <span class='ocr_line' id='line_1_49' title="bbox 951 413 970 1454; baseline 0 0"><span class='ocrx_word' id='word_1_167' title='bbox 951 413 970 1454; x_wconf 95' lang='lat' dir='ltr'><strong> </strong></span> 
     </span>
    </p>
   </div>
   <div class='ocr_carea' id='block_1_21' title="bbox 966 1373 1697 2565">
    <p class='ocr_par' dir='ltr' id='par_1_21' title="bbox 966 1373 1697 2565">
     <span class='ocr_line' id='line_1_50' title="bbox 995 1373 1678 1445; baseline -0.013 -16"><span class='ocrx_word' id='word_1_168' title='bbox 995 1396 1092 1445; x_wconf 91' lang='lat' dir='ltr'><strong>pus</strong></span> <span class='ocrx_word' id='word_1_169' title='bbox 1123 1393 1292 1428; x_wconf 90' lang='lat' dir='ltr'><strong>meum</strong></span> <span class='ocrx_word' id='word_1_170' title='bbox 1314 1392 1342 1426; x_wconf 83' lang='lat' dir='ltr'>a</span> <span class='ocrx_word' id='word_1_171' title='bbox 1371 1373 1678 1438; x_wconf 74' lang='lat' dir='ltr'><strong>perditione.</strong></span> 
     </span>
     <span class='ocr_line' id='line_1_51' title="bbox 1062 1444 1680 1510; baseline -0.005 -15"><span class='ocrx_word' id='word_1_172' title='bbox 1062 1450 1105 1495; x_wconf 89' lang='lat' dir='ltr'>H</span> <span class='ocrx_word' id='word_1_173' title='bbox 1114 1464 1315 1510; x_wconf 84' lang='lat' dir='ltr'><strong>ymnus.</strong></span> <span class='ocrx_word' id='word_1_174' title='bbox 1331 1449 1364 1496; x_wconf 85' lang='lat' dir='ltr'>J</span> <span class='ocrx_word' id='word_1_175' title='bbox 1370 1461 1460 1494; x_wconf 89' lang='lat' dir='ltr'><strong>esu</strong></span> <span class='ocrx_word' id='word_1_176' title='bbox 1471 1444 1680 1494; x_wconf 79' lang='lat' dir='ltr'><strong>corona.</strong></span> 
     </span>
     <span class='ocr_line' id='line_1_52' title="bbox 966 1504 1659 1599; baseline -0.013 -28"><span class='ocrx_word' id='word_1_177' title='bbox 966 1504 970 1599; x_wconf 51' lang='lat' dir='ltr'>Q</span> <span class='ocrx_word' id='word_1_178' title='bbox 997 1522 1092 1583; x_wconf 83' lang='lat'>[36]</span> <span class='ocrx_word' id='word_1_179' title='bbox 1132 1521 1198 1573; x_wconf 70' lang='lat' dir='ltr'><strong>V.</strong></span> <span class='ocrx_word' id='word_1_180' title='bbox 1222 1517 1404 1580; x_wconf 74' lang='lat' dir='ltr'><strong>Specie</strong></span> <span class='ocrx_word' id='word_1_181' title='bbox 1425 1524 1527 1564; x_wconf 84' lang='lat' dir='ltr'><strong>tua.</strong></span> <span class='ocrx_word' id='word_1_182' title='bbox 1562 1515 1659 1575; x_wconf 85' lang='lat'><strong>[37]</strong></span> 
     </span>
     <span class='ocr_line' id='line_1_53' title="bbox 1063 1585 1686 1649; baseline -0.008 -11"><span class='ocrx_word' id='word_1_183' title='bbox 1063 1588 1366 1649; x_wconf 81' lang='lat' dir='ltr'><strong>AdMagnif.</strong></span> <span class='ocrx_word' id='word_1_184' title='bbox 1387 1589 1502 1634; x_wconf 90' lang='lat' dir='ltr'><strong>Ant.</strong></span> <span class='ocrx_word' id='word_1_185' title='bbox 1520 1585 1686 1633; x_wconf 61' lang='lat' dir='ltr'><strong>Beata</strong></span> 
     </span>
     <span class='ocr_line' id='line_1_54' title="bbox 998 1655 1682 1724; baseline -0.013 -14"><span class='ocrx_word' id='word_1_186' title='bbox 998 1663 1172 1724; x_wconf 88' lang='lat' dir='ltr'><strong>Agnes</strong></span> <span class='ocrx_word' id='word_1_187' title='bbox 1193 1662 1247 1708; x_wconf 91' lang='lat' dir='ltr'><strong>in</strong></span> <span class='ocrx_word' id='word_1_188' title='bbox 1265 1659 1433 1706; x_wconf 77' lang='lat' dir='ltr'><strong>medio</strong></span> <span class='ocrx_word' id='word_1_189' title='bbox 1452 1655 1682 1704; x_wconf 61' lang='lat' dir='ltr'><strong>flamma-</strong></span> 
     </span>
     <span class='ocr_line' id='line_1_55' title="bbox 969 1726 1680 1793; baseline -0.014 -11"><span class='ocrx_word' id='word_1_190' title='bbox 969 1774 972 1775; x_wconf 30' lang='lat'><strong>.</strong></span> <span class='ocrx_word' id='word_1_191' title='bbox 999 1748 1114 1782; x_wconf 90' lang='lat' dir='ltr'><strong>rum</strong></span> <span class='ocrx_word' id='word_1_192' title='bbox 1145 1730 1398 1793; x_wconf 46' lang='lat' dir='ltr'><strong>{expensis</strong></span> <span class='ocrx_word' id='word_1_193' title='bbox 1437 1726 1680 1775; x_wconf 62' lang='lat' dir='ltr'><strong>manibus</strong></span> 
     </span>
     <span class='ocr_line' id='line_1_56' title="bbox 1003 1800 1686 1860; baseline -0.015 -7"><span class='ocrx_word' id='word_1_194' title='bbox 1003 1803 1207 1853; x_wconf 55' lang='lat' dir='ltr'><strong>orabat:</strong></span> <span class='ocrx_word' id='word_1_195' title='bbox 1242 1801 1317 1848; x_wconf 86' lang='lat' dir='ltr'><strong>Te</strong></span> <span class='ocrx_word' id='word_1_196' title='bbox 1347 1800 1597 1860; x_wconf 74' lang='lat' dir='ltr'><strong>deprecor</strong></span> <span class='ocrx_word' id='word_1_197' title='bbox 1630 1810 1686 1844; x_wconf 92' lang='lat' dir='ltr'><strong>o-</strong></span> 
     </span>
     <span class='ocr_line' id='line_1_57' title="bbox 1003 1867 1691 1934; baseline -0.013 -11"><span class='ocrx_word' id='word_1_198' title='bbox 1003 1873 1308 1934; x_wconf 79' lang='lat' dir='ltr'><strong>mnipotenS‚</strong></span> <span class='ocrx_word' id='word_1_199' title='bbox 1320 1867 1594 1927; x_wconf 58' lang='lat' dir='ltr'><strong>adorande,</strong></span> <span class='ocrx_word' id='word_1_200' title='bbox 1607 1880 1691 1915; x_wconf 88' lang='lat' dir='ltr'><strong>co-</strong></span> 
     </span>
     <span class='ocr_line' id='line_1_58' title="bbox 1003 1938 1692 2002; baseline -0.012 -10"><span class='ocrx_word' id='word_1_201' title='bbox 1003 1944 1177 2002; x_wconf 78' lang='lat' dir='ltr'><strong>lende,</strong></span> <span class='ocrx_word' id='word_1_202' title='bbox 1211 1943 1364 1989; x_wconf 87' lang='lat' dir='ltr'><strong>Pater</strong></span> <span class='ocrx_word' id='word_1_203' title='bbox 1396 1938 1692 1998; x_wconf 77' lang='lat' dir='ltr'><strong>metuende,</strong></span> 
     </span>
     <span class='ocr_line' id='line_1_59' title="bbox 1005 2007 1690 2074; baseline -0.01 -13"><span class='ocrx_word' id='word_1_204' title='bbox 1005 2014 1125 2074; x_wconf 88' lang='lat' dir='ltr'><strong>quia</strong></span> <span class='ocrx_word' id='word_1_205' title='bbox 1140 2026 1232 2074; x_wconf 90' lang='lat' dir='ltr'><strong>per</strong></span> <span class='ocrx_word' id='word_1_206' title='bbox 1246 2019 1479 2059; x_wconf 86' lang='lat' dir='ltr'><strong>sanetum</strong></span> <span class='ocrx_word' id='word_1_207' title='bbox 1491 2007 1690 2057; x_wconf 76' lang='lat' dir='ltr'><strong>Filium</strong></span> 
     </span>
     <span class='ocr_line' id='line_1_60' title="bbox 1005 2077 1692 2132; baseline -0.013 0"><span class='ocrx_word' id='word_1_208' title='bbox 1005 2091 1149 2132; x_wconf 90' lang='lat' dir='ltr'><strong>tuum</strong></span> <span class='ocrx_word' id='word_1_209' title='bbox 1173 2082 1314 2129; x_wconf 63' lang='lat' dir='ltr'><strong>evasi</strong></span> <span class='ocrx_word' id='word_1_210' title='bbox 1336 2082 1501 2128; x_wconf 89' lang='lat' dir='ltr'><strong>minas</strong></span> <span class='ocrx_word' id='word_1_211' title='bbox 1531 2077 1692 2124; x_wconf 77' lang='lat' dir='ltr'><strong>saeri-</strong></span> 
     </span>
     <span class='ocr_line' id='line_1_61' title="bbox 1006 2148 1693 2216; baseline -0.013 -14"><span class='ocrx_word' id='word_1_212' title='bbox 1006 2154 1108 2216; x_wconf 86' lang='lat' dir='ltr'><strong>legi</strong></span> <span class='ocrx_word' id='word_1_213' title='bbox 1152 2152 1383 2214; x_wconf 60' lang='lat' dir='ltr'><strong>tyranni,</strong></span> <span class='ocrx_word' id='word_1_214' title='bbox 1428 2157 1475 2198; x_wconf 86' lang='lat' dir='ltr'><strong>et</strong></span> <span class='ocrx_word' id='word_1_215' title='bbox 1517 2148 1693 2196; x_wconf 85' lang='lat' dir='ltr'><strong>earnis</strong></span> 
     </span>
     <span class='ocr_line' id='line_1_62' title="bbox 1009 2218 1693 2286; baseline -0.006 -15"><span class='ocrx_word' id='word_1_216' title='bbox 1009 2223 1284 2286; x_wconf 75' lang='lat' dir='ltr'><strong>spurcitias</strong></span> <span class='ocrx_word' id='word_1_217' title='bbox 1358 2218 1693 2269; x_wconf 59' lang='lat' dir='ltr'><strong>immaculato</strong></span> 
     </span>
     <span class='ocr_line' id='line_1_63' title="bbox 1011 2292 1694 2343; baseline -0.009 -1"><span class='ocrx_word' id='word_1_218' title='bbox 1011 2294 1139 2343; x_wconf 86' lang='lat' dir='ltr'><strong>calle</strong></span> <span class='ocrx_word' id='word_1_219' title='bbox 1183 2292 1423 2340; x_wconf 81' lang='lat' dir='ltr'><strong>transivi:</strong></span> <span class='ocrx_word' id='word_1_220' title='bbox 1475 2298 1522 2338; x_wconf 87' lang='lat' dir='ltr'><strong>et</strong></span> <span class='ocrx_word' id='word_1_221' title='bbox 1570 2303 1694 2337; x_wconf 85' lang='lat' dir='ltr'><strong>eece</strong></span> 
     </span>
     <span class='ocr_line' id='line_1_64' title="bbox 1012 2360 1692 2423; baseline -0.009 -11"><span class='ocrx_word' id='word_1_222' title='bbox 1012 2365 1163 2413; x_wconf 75' lang='lat' dir='ltr'><strong>venio</strong></span> <span class='ocrx_word' id='word_1_223' title='bbox 1178 2364 1242 2411; x_wconf 87' lang='lat' dir='ltr'><strong>ad</strong></span> <span class='ocrx_word' id='word_1_224' title='bbox 1256 2371 1319 2421; x_wconf 91' lang='lat' dir='ltr'><strong>te,</strong></span> <span class='ocrx_word' id='word_1_225' title='bbox 1334 2376 1484 2423; x_wconf 89' lang='lat' dir='ltr'><strong>quem</strong></span> <span class='ocrx_word' id='word_1_226' title='bbox 1501 2360 1692 2420; x_wconf 60' lang='lat' dir='ltr'><strong>amavi,</strong></span> 
     </span>
     <span class='ocr_line' id='line_1_65' title="bbox 1011 2432 1697 2496; baseline -0.006 -15"><span class='ocrx_word' id='word_1_227' title='bbox 1011 2449 1161 2496; x_wconf 89' lang='lat' dir='ltr'><strong>quem</strong></span> <span class='ocrx_word' id='word_1_228' title='bbox 1232 2432 1473 2493; x_wconf 74' lang='lat' dir='ltr'><strong>quaesx&#39;vi,</strong></span> <span class='ocrx_word' id='word_1_229' title='bbox 1540 2444 1697 2491; x_wconf 84' lang='lat' dir='ltr'><strong>quem</strong></span> 
     </span>
     <span class='ocr_line' id='line_1_66' title="bbox 1013 2502 1429 2565; baseline -0.005 -14"><span class='ocrx_word' id='word_1_230' title='bbox 1013 2517 1214 2565; x_wconf 88' lang='lat' dir='ltr'><strong>semper</strong></span> <span class='ocrx_word' id='word_1_231' title='bbox 1237 2502 1429 2562; x_wconf 56' lang='lat' dir='ltr'><strong>optavi.</strong></span> 
     </span>
    </p>
   </div>
   <div class='ocr_carea' id='block_1_22' title="bbox 967 1606 972 1771">
    <p class='ocr_par' dir='ltr' id='par_1_22' title="bbox 967 1606 972 1771">
     <span class='ocr_line' id='line_1_67' title="bbox 967 1606 972 1771; baseline 0 1008"><span class='ocrx_word' id='word_1_232' title='bbox 967 1606 972 1771; x_wconf 95' lang='lat' dir='ltr'><strong> </strong></span> 
     </span>
    </p>
   </div>
   <div class='ocr_carea' id='block_1_23' title="bbox 970 1798 974 1941">
    <p class='ocr_par' dir='ltr' id='par_1_23' title="bbox 970 1798 974 1941">
     <span class='ocr_line' id='line_1_68' title="bbox 970 1798 974 1941; baseline 0 838"><span class='ocrx_word' id='word_1_233' title='bbox 970 1798 974 1941; x_wconf 95' lang='lat' dir='ltr'><strong> </strong></span> 
     </span>
    </p>
   </div>
  </div>
 </body>
</html>
