1954 2779
271 221 331 267 52
621 221 772 267 ,Feria
797 222 1017 267 secunda
1042 221 1105 265 ad
1128 220 1345 266 Laudes,

275 333 412 381 culta
435 333 698 394 sapientiae
722 342 821 380 tuae
852 347 955 379 ma·
1069 333 1321 392 Quoniam
1357 334 1399 380 si
1434 332 1692 382 voluisses

276 403 528 451 nifestasti
552 405 691 451 mihi.
1008 401 1318 450 sacrificium
1335 440 1347 460 ‚
1435 403 1692 452 dedissem

337 475 594 535 Asperges
613 487 693 519 me
712 474 953 534 hyssopo,
1006 473 1203 533 utique:
1217 472 1247 505 *
1260 473 1573 521 holocaustis
1583 489 1691 521 non

278 553 326 590 et
347 542 660 591 mundabor:
694 543 724 575 ²¹⁸
754 543 956 589 lavabis
1006 541 1360 590 delectaberis.

275 628 367 671 me,
393 621 440 659 et
461 627 615 674 super
632 613 803 659 nivem
822 613 955 659 deal·
1068 611 1393 660 Sacrificium
1408 611 1520 659 Deo
1540 612 1693 675 spiri·

276 683 454 731 babor.
1008 689 1088 727 tus
1121 681 1521 729 contribulatus:
1545 682 1575 714 ²¹⁸
1599 697 1692 730 cor

336 753 549 801 Auditui
560 768 672 801 meo
684 754 831 801 dabis
841 754 957 814 gau·
1008 750 1281 798 contritum
1295 788 1306 810 ‚
1358 759 1406 799 et
1453 752 1692 800 humilia-

274 825 414 871 dium
433 832 480 870 et
495 824 723 871 laetitiam
738 841 748 870 ι
766 823 795 855 *
811 832 859 871 et
878 837 958 871 ex·
981 802 985 895 f
1007 830 1114 868 tum
1132 820 1274 868 Deus
1294 836 1398 869 non
1422 822 1691 883 despicies,

275 894 540 942 saltabunt
551 909 666 941 ossa
673 894 955 942 humiliata.
981 900 985 963 ξ
1069 892 1297 953 Benigne
1309 893 1389 940 fac
1399 893 1620 940 Domine
1634 894 1687 940 in

338 964 527 1012 Averte
553 964 736 1012 faciem
767 973 905 1013 tuam
928 981 956 1012 a
1008 963 1143 1009 bona
1158 962 1422 1010 voluntate
1438 970 1523 1010 tua
1537 963 1693 1012 Sion.-

277 1035 501 1096 peccatis
512 1035 639 1082 meis
652 1053 663 1082 ε
676 1035 705 1066 *
718 1044 765 1083 et
782 1050 957 1083 omnes
1008 1033 1037 1065 ἧς
1054 1042 1110 1080 ut
1128 1033 1442 1081 aedificentur
1459 1035 1589 1081 muri
1607 1035 1643 1083 J
1645 1049 1695 1081 e-

278 1105 573 1165 iniquitates
595 1120 733 1152 meas
756 1106 882 1153 dele.
1008 1104 1245 1152 rusalem.

340 1177 444 1222 Cor
475 1176 719 1222 mundum
757 1190 871 1224 crea
904 1177 956 1223 in
982 1180 985 1191 ⁵
1068 1175 1518 1235 Tuncacceptabis
1532 1176 1691 1221 sacri-

276 1260 355 1292 me
377 1245 543 1291 Deus:
579 1245 608 1276 ’¹‘
643 1254 691 1292 et
719 1246 955 1306 spiritum
1008 1245 1183 1292 ficium
1216 1244 1436 1304 justitiae‚
1473 1244 1691 1292 oblatio-

275 1323 470 1362 rectum
498 1314 688 1361 innova
719 1316 773 1361 in
797 1317 956 1363 visce·
1008 1314 1687 1373 neS‚etholoca1'1sta:*tunc

276 1386 420 1433 ribus
442 1385 583 1433 meis.
1007 1385 1270 1447 imponent
1321 1400 1477 1448 super
1529 1385 1690 1433 altare

338 1458 415 1505 Ne
431 1456 671 1517 projicias
688 1470 768 1502 me
784 1471 811 1503 a
828 1457 957 1505 facie
1008 1466 1150 1503 tuum
1173 1457 1379 1505 vitulos,

276 1537 386 1575 tua:
403 1527 432 1558 ’¹‘
450 1534 499 1573 et
511 1527 759 1588 Spiritum
778 1530 956 1576 sanctu
1071 1533 1242 1578 Finito
1268 1531 1473 1579 Psalmo
1506 1530 1691 1575 dieitur

276 1607 418 1645 tuum
443 1611 505 1644 ne
527 1597 728 1645 auferas
752 1612 781 1643 a
803 1611 899 1645 me.
1066 1603 1126 1654 ,VC
1143 1597 1363 1644 Domine
1374 1595 1517 1642 Deus
1530 1595 1689 1642 virtti-

338 1668 515 1715 Redde
555 1667 681 1714 mihi
726 1667 956 1715 laetitiam
1006 1675 1113 1714 tum
1132 1667 1374 1714 converte
1389 1678 1500 1712 nos,
1540 1673 1603 1733 R,
1617 1664 1687 1712 Et

277 1739 517 1787 salutaris
535 1738 634 1785 tui:
654 1738 683 1770 ‘¹‘
703 1746 752 1785 et
771 1739 956 1801 spiritu
1007 1738 1217 1785 ostende
1239 1737 1423 1784 faciem
1446 1745 1608 1794 tuam,
1639 1744 1689 1783 et

278 1809 549 1871 principa1i
579 1809 830 1856 confirma
861 1823 953 1856 me.
1007 1807 1136 1855 salvi
1167 1809 1373 1856 erimus.

336 1878 548 1926 Docebo
593 1878 799 1939 iniquos
844 1879 955 1925 vias
982 1907 985 1938 ς
1072 1887 1137 1938 Υ,
1179 1877 1414 1935 Exsurge
1469 1877 1691 1934 Christe,

276 1956 413 1995 tuas:
457 1949 486 1981 ‘¹‘
522 1955 570 1995 et
614 1948 758 2009 impii
800 1948 865 1995 ad
907 1955 955 1995 te
981 1951 985 2010 !
1005 1948 1190 2006 ddjuva
1207 1960 1316 1993 nos.
1357 1953 1419 2013 R„
1439 1947 1505 1993 Et
1524 1946 1689 1994 libera

278 2019 653 2065 convertentur.
982 2017 985 2103 j
1004 2033 1100 2065 nos
1112 2024 1322 2079 propter
1332 2029 1520 2064 nomen
1527 2024 1691 2065 tuum.

338 2089 525 2136 Libera
548 2101 630 2134 me
661 2088 722 2134 de
752 2087 954 2148 sangui—
983 2105 985 2125 τ
1064 2086 1689 2148 ΑΧ·’,1)όιῃίῐιεε’,ιῑειιίεἰίοι-εὶ-

277 2158 428 2205 nibus
442 2158 599 2213 Deus,
615 2156 758 2204 Deus
775 2156 955 2204 salutis
984 2133 985 2162 ¹
1005 2158 1195 2205 tionem
1212 2172 1392 2206 meam.
1424 2164 1486 2224 13³·
1499 2157 1566 2204 Et
1585 2155 1687 2203 cla-

277 2241 423 2274 meae:
445 2227 473 2258 *
493 2234 542 2273 et
565 2226 841 2273 exsultabit
860 2226 954 2273 lin-
982 2221 985 2286 ᾗ
1005 2241 1119 2274 mor
1140 2241 1284 2275 meus
1306 2229 1370 2275 ad
1392 2236 1441 2275 te
1462 2226 1648 2274 veniat.

276 2310 373 2357 gua
396 2310 506 2342 mea
529 2295 773 2354 justitiam
801 2303 954 2342 tuam.
1032 2307 1098 2358 Υ,
1136 2296 1691 2345 Dominusvobiscum.

335 2365 555 2412 Domine
570 2364 708 2411 labia
720 2377 830 2410 mea
844 2364 957 2424 ape-
1012 2368 1155 2434 R3‚Et
1179 2383 1294 2416 cum
1318 2368 1503 2428 spiritu
1527 2374 1629 2414 tuo,

275 2436 401 2482 ries:
433 2434 462 2466 ’³‘
495 2442 543 2480 et
578 2448 635 2479 OS
667 2446 835 2480 meum
869 2447 953 2479 ³¹¹-
982 2463 985 2484 1
1072 2452 1270 2497 Deinde
1304 2452 1488 2497 dicitur
1512 2452 1692 2499 Oratio

274 2502 531 2550 nuntiabit
563 2502 765 2549 laudem
801 2510 954 2549 tuam.
982 2555 985 2562 .
1014 2514 1236 2572 propria,
