1954 2779
225 223 321 270 244

230 337 353 396 dixi,
372 333 536 383 Perii:
557 329 811 379 invocabo
829 340 917 374 no-

231 420 348 454 men
362 412 505 452 tuum
520 400 741 448 deine
753 396 912 444 Deus.

300 489 343 532 5.
400 481 564 531 Leibia
609 476 915 537 insurgenti-

232 569 342 614 um,
393 553 422 586 *
474 558 522 597 et
578 545 913 608 cogitatidnes

234 624 407 672 edrum
430 620 549 668 vide
570 617 813 665 deine.

271 717 434 776 Capit.
559 712 587 757 J
597 723 745 757 erem.
759 708 828 752 11.
842 705 887 750 d.

240 796 493 919 Venite,
545 790 807 839 mittamus
856 787 919 834 li-

355 879 511 927 gnum
526 864 581 910 in
595 873 780 924 panem
796 858 917 919 ejuS‚

236 945 285 985 et
307 935 575 984 eradamus
600 946 714 980 eum
738 930 800 977 de
823 935 920 975 ter-

236 1023 294 1056 ra
319 1006 619 1064 viventium,
654 1008 703 1050 et
734 1013 920 1048 nomen

238 1079 345 1139 ejus
370 1092 473 1126 non
492 1072 801 1124 memoretur
824 1071 925 1118 Am-

239 1150 391 1212 plius,

309 1226 500 1286 hymn.
527 1233 572 1270 et
597 1225 661 1277 V.
684 1221 795 1270 233.

311 1306 388 1351 Ad
412 1303 603 1352 Bened.
627 1304 744 1349 Ant.
772 1296 928 1347 Clari-

240 1376 335 1424 fica
385 1387 466 1422 me
512 1373 666 1421 Pater
712 1372 741 1404 ‘¹‘
788 1366 924 1430 apud

239 1445 564 1507 temetipsum
677 1438 923 1496 claritate,

241 1530 393 1578 quam
431 1512 590 1560 habui
622 1510 924 1573 priusquam

242 1585 463 1633 mundus
495 1581 656 1629 fieret.

321 1661 514 1708 Deinde
536 1659 736 1706 Preces.
758 1658 833 1705 50.

497 1755 688 1804 Oratio.

358 1848 409 1893 a,
443 1830 736 1893 quae‘sumus
772 1822 929 1870 omni-

372 1910 554 1964 potens
574 1897 742 1944 Deus:
766 1900 822 1940 ut
844 1892 932 1952 qui

249 1975 303 2021 in
324 1979 400 2019 tot
417 1969 648 2020 adversis
674 1980 736 2013 ex
758 1970 934 2011 nostra

250 2040 544 2091 infirmitate
557 2036 825 2085 deficimus
840 2049 852 2092 ;
867 2033 933 2078 in-

253 2111 539 2160 tercedente
560 2103 830 2167 Unigeniti
857 2100 939 2148 Fi-

252 2184 309 2230 lii
344 2182 419 2228 tui
450 2176 689 2242 passidne
719 2171 937 2234 respire-

255 2265 392 2298 mus:
419 2248 516 2307 Qui
540 2256 707 2294 tecum
729 2242 878 2290 vivit.

321 2323 400 2368 Ad
439 2320 645 2375 ⁴Horas,
703 2320 820 2362 Ant.
877 2317 937 2362 de

263 2381 449 2438 Laud.3
494 2378 659 2436 Capit.
694 2383 858 2421 autem
894 2384 940 2420 et

263 2443 376 2502 RRa.
395 2441 474 2485 br.
498 2446 552 2483 ut
575 2438 626 2482 in
649 2435 804 2482 Psalt.
823 2444 939 2480 tem*

262 2515 386 2562 pore
410 2498 688 2547 PassioniS.

499 220 648 266 Feria
673 218 766 263 HI.
793 214 997 269 maioris
1022 208 1384 257 Hebdomadae.

1102 332 1188 379 Ad
1217 332 1506 390 vesperas·

1033 417 1150 462 Ant.
1164 422 1209 459 et
1222 411 1306 459 Ps.
1323 410 1383 455 de
1396 407 1555 456 Psalt.
1568 408 1643 455 77.

1004 493 1165 554 Capit.
1283 492 1467 539 Jerem.
1483 489 1554 533 11.
1574 488 1618 533 d.

1065 583 1099 616 u
1123 576 1291 616 autem
1311 566 1533 614 deine
1558 564 1648 615 Sai-

1094 639 1276 699 baoth,
1322 638 1410 699 qui
1453 636 1649 698 judicas

966 713 1112 774 juste,
1148 717 1197 757 et
1219 709 1410 771 probas
1433 721 1580 754 renes
1603 713 1652 753 et

969 782 1139 842 corda,
1173 780 1374 827 videam
1405 777 1652 825 ultidnem

968 860 1108 900 tuam
1153 865 1216 898 ex
1247 850 1344 897 eis:
1389 849 1485 896 tibi
1519 848 1654 894 enim

968 920 1199 970 reveldvi
1231 932 1435 967 causam
1471 931 1658 974 meam,

970 992 1193 1039 deine
1215 990 1358 1037 Deus
1380 1002 1538 1036 meus,

1038 1065 1231 1126 Hymn.
1263 1059 1481 1109 Vexilla.
1519 1067 1566 1105 ct
1590 1060 1657 1111 V.

971 1133 1132 1194 Eripe
1155 1145 1234 1178 me
1257 1130 1492 1179 deine.
1515 1129 1621 1176 231.

1046 1215 1124 1261 Ad
1149 1212 1361 1273 Magnis.
1395 1211 1512 1257 Ant.
1536 1209 1652 1257 Non

973 1282 1190 1329 haberes
1215 1282 1243 1313 *
1265 1279 1319 1326 in
1341 1292 1422 1325 me
1438 1275 1656 1340 potesta-

974 1361 1100 1412 tem,
1150 1351 1251 1398 nisi
1297 1349 1516 1410 desuper
1564 1346 1659 1394 tibi

976 1424 1151 1471 datum
1184 1420 1379 1468 fuisset.

1043 1504 1242 1550 Deinde
1265 1505 1464 1550 Preces.
1482 1497 1556 1543 50.

1217 1587 1415 1651 Oratio.

1056 1668 1212 1728 djuva
1247 1678 1340 1712 nos
1362 1662 1504 1710 Deus
1527 1660 1662 1707 salu-

1111 1737 1238 1785 teiris
1270 1742 1466 1793 noster,
1509 1740 1557 1778 et
1599 1731 1665 1777 ad

983 1806 1233 1855 beneficia
1251 1803 1537 1863 recolenda,
1560 1802 1669 1863 qui-

984 1878 1080 1925 bus
1121 1890 1217 1923 nos
1260 1873 1547 1922 instaurate
1592 1871 1666 1918 di-

984 1946 1168 2010 gnatus
1201 1960 1268 2005 eS,
1301 1943 1471 1991 tribue
1493 1942 1670 1990 venire

985 2016 1277 2079 gaudentes,
1311 2015 1412 2061 Per
1434 2014 1590 2061 Dfim.

1092 2173 1292 2229 Feria
1330 2171 1581 2227 Tertia.

1153 2270 1240 2317 Ad
1271 2269 1488 2317 Laudes

1110 2350 1163 2385 et
1198 2351 1305 2398 per
1338 2334 1563 2381 Horas,

1061 2430 1178 2473 Ant.
1204 2428 1243 2471 1.
1280 2424 1407 2472 Vide
1437 2422 1676 2481 D6mine,

989 2496 1020 2528 *
1043 2502 1092 2542 et
1123 2495 1405 2552 considera,
1430 2492 1677 2554 qudniam
