1954 2779
859 220 1009 265 Festa
1034 219 1065 266 J
1069 219 1177 266 ulii.
1214 221 1329 278 (24.)

1701 227 1791 275 475

437 337 635 383 Deinde
657 335 713 382 fit
731 350 1057 383 commemor.
1115 339 1248 387 borii
1267 340 1466 386 dicatur
1484 341 1679 390 Oratio.
1699 343 1792 388 Ex-

377 400 425 448 S.
449 399 627 445 Mariae
651 398 985 458 Magdalenae.

436 479 555 524 Ant.
585 475 786 537 Mulier,
811 490 926 537 quae
948 486 1057 525 erat

1111 399 1246 459 audi,
1270 399 1578 460 quaesumuS.
1604 401 1699 463 [27]

1171 470 1233 517 In
1251 471 1321 520 11.
1338 473 1488 533 Vesp.
1510 475 1564 520 fit
1583 477 1793 522 coffiem.

368 546 422 592 in
445 546 653 593 civitate
674 547 951 607 peccatrix,
984 547 1055 596 fit-
1111 532 1159 580 S.
1182 533 1455 583 Christinae
1478 535 1619 597 virg.
1642 536 1792 582 Mart.

366 616 484 663 tulit
527 616 845 665 alabastrum
891 631 1055 679 ungu-

368 686 486 746 enti,
510 693 557 733 et
581 694 723 734 stans
744 695 883 734 retro
907 700 1056 735 secus

368 756 524 818 pedes
555 756 791 817 Domini,
826 757 1055 805 locrimis

368 827 523 888 coepit
543 825 714 887 rigare
736 827 893 888 pedes
928 828 1052 888 ejuS‚

369 904 417 943 et
434 896 637 958 capillis
655 896 840 959 eapitis
862 898 943 945 sui
959 904 1056 945 ter-

367 966 533 1027 gebat.

433 1048 496 1100 V.
525 1045 700 1107 Elegit
740 1059 852 1093 eam
892 1046 1052 1106 Deua,

369 1123 416 1162 et
438 1115 701 1178 praeelogit
730 1129 857 1164 eam.
896 1120 957 1179 Κ.
989 1116 1052 1164 In

370 1185 704 1233 tabernaculo
760 1200 854 1233 suo
905 1185 1050 1234 habi-

369 1254 477 1303 tore
508 1255 635 1303 facit
667 1269 792 1304 eam.

430 1337 614 1384 Postea
649 1339 699 1386 S.
726 1337 925 1385 Liborii
951 1337 1049 1399 Ep.

375 1407 422 1445 et
443 1400 590 1448 Conf.
628 1402 747 1448 Ant.
782 1397 1051 1447 Sacerdos.

371 1462 433 1513 V.
476 1459 686 1507 Amovit
708 1472 838 1507 eum.
862 1459 958 1521 [26]

612 1540 806 1589 Oratio.

376 1608 527 1731 Da,
562 1607 856 1669 quaesumus
890 1607 1051 1655 omni·

497 1686 680 1739 potens
700 1676 869 1726 Deus:
892 1685 947 1725 ut
969 1677 1054 1724 be-

367 1748 437 1796 ati
480 1747 684 1796 Liborii
726 1746 1051 1795 Confessoris

368 1819 441 1866 tui
479 1826 632 1878 atque
664 1816 931 1866 Pontffieis
964 1830 1050 1863 ve-

368 1890 592 1936 neranda
646 1887 943 1936 solemnitas
1002 1894 1052 1934 et

367 1959 691 2007 devotionem
758 1957 909 2004 nobis
962 1956 1050 2004 ati-

365 2037 501 2089 geat,
550 2037 599 2076 et
638 2027 874 2076 saltitem.
948 2027 1050 2074 Per

364 2098 646 2147 Dominum
678 2104 924 2145 nostrum.

425 2180 485 2226 In
529 2182 692 2229 Laud.
737 2195 881 2240 vero,
931 2184 1047 2232 Ant.

368 2239 524 2300 Euge.
565 2245 631 2297 V.
661 2239 698 2288 J
701 2247 885 2289 ustum.
908 2240 1004 2301 [33]

426 2334 480 2382 Si
526 2348 650 2381 vero
699 2335 848 2382 hodie
897 2336 1050 2384 fuerit

1176 605 1294 653 Ant.
1324 604 1455 651 Veni
1486 617 1691 663 sponsa.
1730 607 1791 660 Y.

1110 661 1292 726 Specie
1314 673 1416 714 tua.
1442 663 1539 730 [37]

1356 738 1549 785 Oratio,

1118 801 1511 928 Indulg'entiam
1621 806 1788 886 nopiS,

1223 888 1515 935 quaesumus
1554 875 1789 935 Domme,

1108 944 1259 992 beata
1281 943 1542 993 Christina
1558 944 1720 1006 Virgo
1744 954 1792 992 et

1084 1011 1085 1014 ’
1108 1014 1310 1077 Martyr
1357 1014 1626 1076 imploret:
1677 1029 1791 1075 quae

1108 1086 1206 1133 tibi
1239 1094 1385 1147 grata
1408 1099 1609 1146 semper
1642 1085 1793 1132 exsti-

1109 1157 1170 1204 tit
1216 1165 1264 1204 et
1305 1155 1488 1203 merito
1524 1156 1789 1214 castitati8‚

1108 1234 1157 1274 et
1200 1235 1302 1275 tuae
1334 1226 1657 1288 professione
1688 1226 1791 1273 vir-

1106 1295 1246 1345 tutis,
1282 1297 1383 1345 Per
1407 1297 1704 1346 Dominum.

1271 1412 1371 1461 Die
1394 1414 1470 1462 24.
1491 1411 1638 1464 Julii.

1106 1487 1165 1534 In
1185 1488 1376 1547 vigilia
1393 1483 1671 1537 S.Jacobi
1688 1490 1785 1549 Ap.

1168 1565 1248 1612 Ad
1264 1565 1468 1613 Laudes
1488 1574 1540 1611 ut
1560 1566 1614 1612 in
1629 1565 1786 1613 Psalt.

1106 1634 1159 1672 et
1188 1626 1283 1673 die.
1307 1626 1494 1673 Preces
1527 1626 1617 1672 fer.
1644 1626 1786 1671 flexis

1106 1687 1335 1747 genibus.
1372 1682 1446 1729 50.

1352 1764 1548 1811 Oratio.

1204 1843 1257 1888 a,
1302 1829 1594 1889 quaesumus
1629 1832 1788 1879 omni-

1225 1908 1409 1962 potens
1430 1901 1598 1950 Deus:
1624 1911 1678 1951 ut
1700 1903 1787 1951 be-

1104 1967 1174 2016 ati
1205 1969 1392 2018 Jacobi
1424 1971 1663 2033 Apostoli
1694 1973 1784 2032 tui,

1103 2055 1256 2103 quam
1271 2041 1631 2103 praevenimuS‚
1644 2056 1788 2090 vene-

1102 2111 1262 2160 ronda
1285 2112 1600 2172 solemnitaS,
1629 2120 1677 2159 et
1701 2112 1785 2159 de-

1101 2182 1362 2230 votionem
1410 2183 1561 2230 nobis
1605 2183 1785 2244 augeat

1102 2260 1152 2299 et
1173 2252 1405 2300 saltitem.
1442 2252 1544 2300 Per
1565 2251 1719 2300 Dfim.

1165 2325 1364 2371 Deinde
1387 2325 1441 2371 fit
1462 2340 1785 2394 commemor.

363 2395 661 2454 Sabbatum,
699 2396 754 2442 fit
784 2411 1046 2444 commem.
1104 2388 1153 2435 S,
1182 2387 1469 2433 Christinae·

363 2456 516 2516 vigil.
550 2458 601 2506 S.
627 2457 829 2517 Jacobi‚
867 2460 1048 2520 Apost.

1170 2456 1288 2502 Ant.
1336 2455 1513 2504 Simile
1555 2465 1646 2504 est.
1687 2456 1784 2514 [39]

363 2525 410 2564 et
432 2527 554 2566 tune
579 2533 674 2581 pro
697 2533 876 2567 comm.
897 2520 947 2568 S.
967 2521 1050 2567 Li·
1104 2518 1170 2569 Y.
1198 2513 1404 2564 Difffisa
1438 2525 1528 2565 est.
1565 2517 1672 2576 [38]

309 2610 1832 2698 *dl
