1954 2779
770 221 828 267 In
856 224 1131 269 Nativitate
1155 223 1379 271 Domini.

410 334 453 378 4.
485 331 530 377 F
542 338 659 378 aeta
691 337 768 376 est
800 343 915 376 cum
936 330 1041 378 An-

347 401 460 462 gelo
475 401 504 434 *
515 398 797 447 multitudo
815 400 1038 448 eoelestis

1678 220 1765 265 145

1095 330 1166 379 Ut
1209 343 1362 378 carne
1404 341 1609 376 earnem
1649 329 1778 377 libe-

1309 412 1446 457 ranS,

347 471 604 530 exercitus
616 469 1041 518 laudantiumDe-
1093 472 1170 520 Ne
1188 469 1425 532 perderet
1448 483 1581 530 quos
1605 469 1778 518 cdndi-

346 555 446 600 um,
466 548 515 587 et
535 539 819 587 dicentium
833 557 844 587 ε
858 540 1038 589 Gldria

345 611 401 657 in
443 609 664 658 excelsis
705 608 841 670 Deo,
890 619 939 658 et
986 612 1039 658 in

345 688 482 728 terra
505 694 609 741 pax
626 678 924 727 hominibus
948 681 1039 728 bo-

346 765 425 798 nae
448 749 750 811 voluntatiS,
775 749 997 811 alleluja.

404 849 446 894 5.
472 847 739 895 PArvulus
754 847 898 896 fmus
912 848 941 881 *
953 848 1038 895 ha
1055 812 1058 867 ¹

346 917 429 965 die
463 924 615 964 natus
656 925 733 966 est
766 918 944 965 nobis:
990 927 1038 965 et

347 987 624 1036 vocabitur
655 988 822 1048 Deus,
869 988 1035 1048 fortis,

347 1058 571 1118 alleluja,
597 1057 820 1116 alleluja.

390 1157 702 1217 Capitulum.
772 1156 987 1203 Hebr.8.

354 1246 776 1368 Multifariam,
840 1247 1037 1295 multis-

502 1332 604 1380 que
617 1317 785 1366 modis
799 1317 922 1365 olim
936 1318 1039 1365 De-

348 1407 407 1440 us
448 1392 671 1451 loquens
704 1387 941 1452 patribus
984 1389 1037 1436 in

350 1459 645 1524 prophetis:
754 1458 1036 1507 novissime

349 1531 532 1579 diebus
576 1530 691 1577 istis
724 1528 929 1578 loeutus
963 1538 1039 1577 est

350 1602 500 1650 nobis
552 1602 609 1649 in
663 1599 827 1659 Filio,
887 1613 1038 1660 quem

353 1670 618 1719 constituit
648 1669 904 1717 haeredem
925 1670 1038 1717 uni-

353 1741 635 1800 versdrum,
669 1753 762 1802 per
791 1753 943 1800 quem
966 1740 1037 1788 fe-

353 1813 419 1860 cit
441 1819 491 1860 et
514 1809 722 1858 sa'ecula.

562 1908 821 1969 Hymnus

1307 540 1395 588 dit.

1146 640 1184 685 C
1196 645 1318 685 astae
1327 638 1563 686 Parentis
1575 638 1772 687 viscera

1092 708 1327 755 Coelestis
1350 709 1508 756 intrat
1533 709 1720 771 gratia:

1090 776 1283 825 Venter
1305 777 1500 826 Puellae
1531 778 1724 839 bajulat

1091 847 1321 908 Secreta,
1370 861 1486 909 quae
1533 864 1637 897 non
1686 850 1777 897 n6-

1301 926 1461 967 verat.

1145 1015 1191 1079 D
1205 1026 1350 1059 omus
1363 1014 1538 1075 pudici
1549 1016 1772 1076 pectoris

1089 1081 1363 1143 Templum
1375 1084 1584 1145 repente
1596 1085 1651 1132 fit
1660 1086 1776 1133 Dei:

1089 1150 1289 1198 Intacta
1313 1153 1548 1200 nesciens
1571 1155 1754 1217 virum,

1092 1221 1343 1284 Concepit
1365 1222 1484 1270 alvo
1508 1224 1714 1274 Filium.

1147 1326 1384 1375 Enititur
1403 1329 1671 1393 puerpera,

1092 1398 1255 1457 Quem
1279 1398 1495 1448 Gabriel
1523 1402 1772 1462 praedixe-

1302 1477 1382 1516 rat

1092 1539 1254 1598 Quem
1276 1506 1458 1587 ventre
1485 1540 1669 1589 Matris
1692 1543 1776 1604 ge-

1300 1610 1474 1669 stiens,

1091 1678 1328 1741 Baptista
1350 1679 1583 1727 clausum
1609 1681 1777 1729 sense-

1305 1756 1400 1796 rat.

1153 1846 1319 1893 Foeno
1342 1844 1508 1905 jacere
1538 1845 1774 1907 pertulit:

1023 1909 1024 1914 ’
1091 1915 1332 1978 Praesepe
1354 1930 1459 1963 non
1482 1915 1774 1963 abhdrruit:

473 1996 603 2044 solis
645 2002 791 2042 ortus
831 1994 1039 2042 cardine
1090 1986 1159 2034 Et
1196 1986 1327 2033 lacte
1362 1985 1564 2033 m6dieo
1596 1993 1775 2048 pastus

483 2065 568 2115 Ad
600 2078 766 2125 usque
798 2072 946 2113 terrae
979 2064 1039 2112 li-

558 2135 748 2195 mitem,

355 2206 617 2255 Christum
634 2205 878 2253 canamus
897 2203 1041 2253 Prin·
1061 2269 1062 2274 1

563 2276 746 2338 cipem,

356 2346 543 2395 Natum
566 2345 734 2393 Maria
757 2344 987 2407 Virgine.

1310 2064 1385 2103 est

1092 2126 1192 2174 Per
1208 2140 1357 2187 quem
1371 2094 1465 2173 ricc
1480 2126 1586 2173 ales
1601 2127 1777 2174 esurit.

1156 2222 1370 2303 Gaudet
1403 2223 1592 2270 chorus
1632 2223 1780 2270 coele-

1308 2301 1477 2353 suum,

1093 2364 1160 2411 Et
1183 2363 1369 2425 Angeli
1394 2372 1584 2412 canunt
1604 2365 1747 2422 De03

414 2433 611 2481 Beatus
633 2440 814 2480 auctor
835 2433 1013 2490 saeculi
1093 2433 1374 2494 PaIAmque
1402 2434 1459 2481 fit
1482 2433 1779 2495 pastbribus

357 2502 553 2551 Servsse
576 2516 768 2565 eorpus
791 2501 983 2551 induit:

479 2657 602 2698 Horoe
627 2658 812 2697 Dim-noe.

1094 2504 1293 2563 Pastor,
1309 2502 1524 2550 Creator
1533 2500 1778 2549 bmnium.

1481 2647 1539 2693 10
