1954 2779
251 207 349 266 [96]

250 319 492 367 salutatis
507 319 608 367 tui:
626 319 657 352 *
675 328 725 366 et
747 319 933 381 spiritu
974 330 977 337 ¹

252 390 528 453 principali
555 390 804 438 confirma
837 402 932 437 me.

314 460 529 509 Docebo
572 458 777 519 ianuos
822 459 933 506 vias

254 540 392 579 tuas:
429 530 460 563 ’¹²
501 536 551 576 et
591 529 735 590 impii
777 528 842 576 ad
883 535 933 575 te

254 600 632 649 convertentur.

312 670 502 718 Libera
512 682 593 716 me
607 668 670 715 de
680 668 937 730 sanguini-

253 741 352 788 bus
377 740 546 797 Deus,
577 738 720 786 Deus
753 737 936 786 salutis

252 823 404 857 meae:
422 809 454 842 ²¹²
471 817 522 857 et
537 808 815 857 exsultabit
838 808 935 856 lin-

252 895 352 943 gua
374 893 488 927 mea
508 878 754 941 justitiam
780 888 935 927 tuam.

307 950 545 1010 D6mine‚
554 950 694 998 lubia
702 964 813 997 mea
825 950 939 1011 ape·

253 1021 380 1068 ries:
414 1020 444 1052 *
475 1028 525 1067 et
558 1034 616 1067 os
647 1033 816 1066 meum
849 1033 936 1065 an-

255 1090 514 1138 nuntiabit
535 1090 738 1138 laudem
762 1097 916 1136 tuam.

317 1159 571 1219 Qu6niam
603 1160 646 1207 si
681 1158 937 1206 voluisses

257 1228 572 1277 sacrificium
586 1266 598 1289 ,
685 1229 937 1277 dedissem

253 1299 462 1361 utique:
528 1298 559 1331 ‘¹‘
623 1298 938 1347 holocaustis

254 1384 361 1419 non
383 1368 736 1417 delectaberis.

317 1438 643 1488 Sacrificium
657 1438 771 1485 Deo
788 1437 938 1499 spiri·

256 1516 339 1555 tus
369 1506 770 1554 contribulatus:
795 1506 825 1538 *
849 1520 939 1553 cor

256 1577 533 1627 contritum
548 1584 599 1624 et
612 1576 940 1624 humilizitum

254 1650 399 1698 Deus
419 1663 526 1696 non
548 1646 815 1709 despicies,

318 1719 550 1782 Benigne
560 1718 643 1766 fac
651 1717 874 1765 D6mine
886 1718 939 1764 in

255 1792 392 1839 bona
407 1789 674 1836 voluntate
688 1796 775 1835 tua
786 1788 937 1837 Sion:

257 1860 288 1893 *
303 1868 361 1907 ut
377 1859 693 1907 aedificentur
706 1858 841 1904 muri
853 1857 889 1905 J
891 1871 939 1904 e-

257 1928 495 1977 rusalem.

317 1999 467 2048 Tunc
476 1997 770 2058 acceptabis
784 1996 940 2043 sacri·

256 2070 435 2118 ficium
466 2066 689 2128 justitiae,
723 2064 940 2113 oblatici-

255 2155 362 2200 ne8‚
375 2147 424 2187 et
437 2135 738 2186 holocausta
752 2152 764 2183 ε
777 2134 807 2166 *
817 2142 940 2182 tune

256 2209 522 2271 impdnent
571 2220 728 2269 super
779 2205 940 2253 altzire

256 2285 401 2325 tuum
422 2277 630 2324 vitulos.

321 2345 574 2405 Requiem
599 2346 855 2393 aeternam.

333 2418 449 2462 Ant.
476 2413 817 2461 Exsultdbunt
838 2414 942 2461 Βό-

259 2482 399 2528 mino
424 2494 540 2527 ossa
560 2480 847 2530 humiliata.

654 200 893 249 Officium
918 201 1308 247 Defunctorum.

1067 323 1185 368 Ant.
1225 315 1420 365 Exaudi
1452 314 1681 364 D6mine

993 387 1023 419 *
1058 387 1339 435 oratidnem
1371 399 1561 434 meam:
1607 386 1678 434 ad

990 464 1041 504 te
1063 457 1230 505 omnis
1252 470 1373 504 caro
1395 455 1582 503 veniet.

1181 535 1416 582 Psalmus
1441 538 1513 582 64.

1007 605 1129 726 'se
1165 596 1308 643 decet
1329 596 1552 658 hymnus
1573 594 1680 643 De-

1115 681 1177 715 us
1197 667 1253 714 in
1278 666 1433 716 Sion:
1452 666 1484 699 ²¹²
1506 675 1555 714 et
1578 667 1678 714 tibi

993 736 1237 784 reddetur
1252 744 1432 784 votum
1455 737 1509 783 in
1525 736 1679 786 Jeru—

993 806 1167 854 salem.
1681 848 1684 853 .

1051 876 1256 924 Exaudi
1274 877 1556 924 orati6nem
1573 891 1682 925 me-

991 961 1099 994 am:
1124 946 1155 979 *
1178 946 1243 994 ad
1274 955 1324 995 te
1355 947 1522 995 omnis
1554 961 1679 996 caro

991 1017 1178 1064 veniet.

1050 1084 1226 1133 Verba
1236 1086 1531 1146 iniqudrum
1546 1100 1681 1148 prae-

993 1155 1267 1203 valuerunt
1300 1169 1456 1218 super
1487 1169 1607 1202 nos:
1647 1155 1679 1188 ’¹‘

993 1233 1042 1272 et
1086 1225 1439 1287 impietatibus
1483 1226 1680 1273 nostris

993 1303 1049 1342 tu
1070 1295 1452 1357 propidziberis.

1054 1364 1259 1427 BezituS‚
1287 1380 1438 1428 quem
1461 1365 1681 1428 elegisti,

994 1444 1044 1484 et
1081 1437 1429 1498 assumpsisti:
1467 1436 1498 1469 *
1532 1436 1678 1484 inha—

993 1507 1181 1555 bitabit
1202 1508 1258 1554 in
1280 1507 1425 1555 Atriis
1447 1507 1564 1555 tuis,

1055 1576 1396 1638 Replebimur
1433 1577 1487 1623 in
1524 1575 1680 1623 bonis

995 1646 1177 1694 domus
1217 1655 1343 1695 tuaez
1378 1647 1409 1679 *
1441 1653 1677 1695 sanctum

994 1724 1072 1763 est
1102 1716 1348 1778 templum
1383 1725 1549 1776 tuum,
1582 1716 1679 1763 mi-

993 1787 1159 1834 rabile
1180 1787 1234 1833 in
1258 1787 1512 1847 aequitfite.

1054 1856 1257 1905 Exaudi
1290 1871 1388 1904 nos
1418 1857 1563 1904 Deus
1597 1870 1680 1903 sa·

993 1926 1177 1974 lutaris
1228 1934 1428 1987 noster,
1477 1926 1508 1959 *
1557 1939 1680 1987 spes

994 1996 1221 2043 bmnium
1272 1996 1456 2044 finium
1510 2003 1677 2054 terrae‚

995 2074 1045 2113 et
1066 2067 1121 2113 in
1139 2067 1269 2113 mari
1292 2066 1460 2128 longe.

1055 2136 1362 2198 Praeparans
1391 2144 1591 2184 montes
1622 2135 1679 2182 in

976 2206 1185 2260 ¹virtute
1236 2214 1348 2266 tua,
1415 2205 1681 2253 accinctus

976 2276 1248 2338 ¹potentia:
1284 2276 1314 2309 '¹‘
1351 2276 1440 2337 qui
1470 2273 1678 2323 contur-

996 2345 1087 2393 bas
1145 2346 1460 2408 profundum
1519 2344 1682 2392 maris

995 2429 1178 2463 sonum
1209 2415 1456 2464 fluctuum
1490 2415 1617 2474 ejus.

973 2505 976 2520 ·
1054 2484 1427 2532 Turbabt'mtur
1468 2484 1680 2541 Gentes,
