1954 2779
182 169 334 338 ᾗτε)

577 213 636 257 in
668 208 1069 257 circumcisione
1093 203 1319 251 Domini

247 345 311 378 ex
328 328 520 378 Jacob.
545 326 707 387 Virgo
731 314 951 391 peperit*

247 398 599 450 Salvatorem·
653 404 703 441 te
755 392 930 439 lauda·
948 412 952 464 ς

246 484 362 517 mus
398 468 540 514 Deus
573 472 761 512 noster.

308 542 348 584 Γ).
370 540 507 584 Ecce
523 533 688 583 Maria
706 532 882 594 genuit
898 530 929 563 *

249 608 401 656 nobis
420 604 755 662 salvatorem,
781 615 932 662 quem
952 630 953 635 ,

252 678 481 728 Joannes
529 674 710 721 videns
765 671 932 719 excla-

251 749 439 808 mavit,
519 746 724 792 dicens:
796 742 933 790 Ecce

250 821 430 881 Agnus
451 816 566 875 Dei,
591 827 708 862 ecee
731 813 820 873 qui
843 811 936 859 tol-

248 890 310 936 lit
341 888 551 950 peccata
586 883 778 943 mundi,
813 882 957 932 alle-2

248 960 369 1020 luia.

312 1032 350 1074 ι]
358 1031 473 1090 quit
654 1028 793 1075 Tit„
767 1027 807 1072 θ.
827 1042 851 1071 e

261 1099 548 1224 Apparuit
611 1095 775 1158 gratia
838 1092 936 1139 Dei

379 1166 667 1219 Salvatoris
687 1164 852 1212 nostri
885 1162 959 1209 ό-
958 1204 961 1210 ,

254 1241 460 1289 mnibus
482 1236 792 1294 hominibuS‚
825 1232 937 1280 eru—

256 1313 400 1358 diens
416 1323 528 1367 nOS,
552 1313 607 1354 ut
626 1304 938 1364 abnegames
958 1326 961 1381 !

255 1378 582 1443 impietatem,
603 1383 651 1423 et
671 1373 961 1423 saecuIAria'

257 1450 524 1508 desideria,
557 1447 743 1506 sobrie,
785 1453 832 1491 et
863 1444 961 1504 ju-

257 1531 356 1580 ste,
401 1527 451 1567 et
491 1518 575 1579 pie
608 1517 845 1564 νὶνέιιιιιε
886 1515 961 1561 in

256 1594 358 1641 hoe
390 1589 595 1639 saeculo,

466 1658 515 1705 H
524 1673 551 1709 ι
558 1672 719 1704 mnus.
960 1635 963 1680 Ῐ

263 1736 347 1854 jx
373 1732 499 1781 solis
523 1739 667 1779 ortus
690 1727 898 1776 cardine
961 1721 963 1786 ἶ

392 1802 476 1851 Ad
507 1813 669 1860 usque
702 1806 850 1845 terrae
883 1791 964 1882 1ίῆ

470 1870 658 1928 mitem,
962 1885 965 1929 ι

263 1942 527 1991 Christum
546 1940 787 1987 canamus
801 1933 965 1986 Prin-Z

473 2010 653 2070 cipem,
962 2001 965 2026 “

263 2083 455 2131 Natum
480 2078 645 2126 Maria
668 2076 897 2137 Virgine.

330 2150 518 2198 Beatus
542 2155 720 2195 auctor
742 2145 919 2192 sa'eeuli
964 2161 965 2186 ι

267 2220 467 2271 Servsse
489 2230 679 2278 eorpus
703 2215 894 2263 induit.

273 2290 340 2339 Ut
382 2300 534 2334 carne
576 2299 778 2333 earnem
823 2285 948 2332 libe·

473 2368 609 2411 rane,

268 2429 346 2477 Ne
378 2423 614 2486 perderet
659 2435 790 2482 quos
832 2422 969 2470 eon

476 2490 619 2538 didit.
966 2485 968 2536 ἓ

1039 320 1078 365 C
1089 327 1212 367 astae
1229 316 1457 379 parentis
1467 313 1671 362 viscera

985 389 1222 438 Coelestis
1243 388 1400 434 intrat
1422 385 1613 446 gratia:

983 460 1177 508 Venter
1198 456 1395 504 Puellae
1418 454 1613 514 bajulat

985 528 1205 587 Secreta,
1242 541 1356 588 quae
1386 539 1491 572 non
1512 524 1672 571 nove-

1043 669 1090 715 D
1098 604 1433 729 omilithudiei
1445 664 1675 728 pectoris

985 738 1260 800 Templum
1332 738 1543 799 repente
1612 734 1673 782 fit

1189 798 1319 846 Dei·

985 870 1185 919 Intacta
1208 868 1443 916 nesciens
1465 868 1635 914 virum

989 940 1242 1001 Concepit
1264 939 1383 986 alvo
1408 937 1620 985 Filium.

1046 1019 1280 1067 Enititur
1302 1017 1571 1079 puerpera,

990 1091 1152 1150 Quem
1178 1087 1392 1137 Gabriel
1423 1086 1678 1149 praedixe-

1199 1157 1293 1208 rat,

991 1220 1152 1279 Quem
1175 1226 1354 1265 ventre
1375 1217 1560 1293 Matris
1591 1215 1678 1277 ge·

1197 1289 1370 1348 stienS‚

991 1359 1225 1421 Baptista
1239 1358 1416 1407 clausu
1434 1359 1681 1406 senserat.

1057 1440 1217 1486 Foeno
1250 1439 1421 1498 jacere
1436 1437 1649 1500 pertulit
1667 1455 1683 1484 ε

993 1509 1233 1571 Praesepe
1254 1523 1359 1556 non
1381 1507 1674 1555 abhorruit:

960 1581 1063 1628 Et
1095 1580 1227 1627 laete
1259 1578 1459 1625 modico
1498 1582 1683 1637 pastus

1207 1649 1297 1700 est,

997 1713 1098 1761 Per
1110 1726 1262 1774 quem
1277 1723 1371 1757 nec
1386 1707 1491 1755 ales
1506 1706 1687 1753 esurit.

1059 1791 1102 1838 C
1113 1791 1264 1840 audet
1305 1789 1493 1837 chorus
1534 1784 1685 1833 eoele-

1201 1861 1369 1917 stium,

996 1933 1066 1980 Et
1090 1930 1277 1992 Angeli
1302 1935 1490 1977 canunt
1512 1926 1653 1974 Deo·
1642 1962 1654 1985 ‚

962 2001 1282 2090 Palamque
1311 1998 1367 2046 fit
1389 1995 1690 2059 pastoribus

962 2055 1199 2132 Pastor,
1215 2070 1432 2117 Creator
1441 2066 1688 2115 omnium.

1059 2151 1201 2208 lesu,
1228 2149 1322 2196 tibi
1347 2148 1413 2195 sit
1437 2144 1614 2208 gloria,

1003 2221 1103 2279 Qui
1125 2227 1276 2266 natus
1300 2232 1354 2265 es
1377 2218 1439 2265 de
1457 2213 1687 2276 Virgine,

1004 2291 1136 2339 Cum
1155 2289 1322 2396 Patre,
1348 2295 1396 2335 et
1418 2286 1554 2334 almo
1580 2283 1694 2345 Spi-

1213 2364 1256 2396 r1
1282 2364 1330 2409 ιι,

1005 2420 1067 2467 Ιιι
1092 2419 1403 2480 sempiterna
1426 2415 1629 2465 saecula.

1211 2489 1391 2536 Amen.
