1954 2779
298 228 361 277 In
394 227 468 277 IL
495 227 653 288 Vesp.
685 227 786 274 diei
820 226 934 275 Oct.
968 227 1175 289 Epiph„
1206 227 1435 289 Paschae,
1470 230 1660 278 Ascen-

235 299 395 347 sionis
419 306 469 346 et
493 297 741 359 Corporis
763 297 980 358 Christi,
1013 298 1078 345 de
1100 299 1335 360 sequenti
1357 299 1569 360 Duplici
1604 298 1659 347 fit

234 378 430 418 tantum
464 369 846 429 comemoratiO,
877 368 981 416 nisi
1010 367 1142 416 illud
1173 367 1329 416 fuerit
1361 369 1539 431 primae
1574 368 1659 417 vel

234 439 473 488 secundae
506 438 714 499 classiS,
756 452 846 486 seu
878 437 1161 499 PatronuS,
1194 439 1280 487 vel
1311 438 1543 499 Titulus,
1576 448 1661 487 aut

234 508 507 557 Dedicatio
527 507 799 556 Ecclesiae:
823 508 945 570 quia
964 515 1086 556 tunc
1109 510 1172 556 de
1189 509 1346 557 Festo
1370 508 1514 557 fieret
1532 508 1662 558 Offi-

236 578 386 639 cium,
412 586 460 626 et
481 577 545 625 de
569 576 767 626 Octava
786 592 969 627 comm.
1013 578 1081 626 Et
1104 578 1340 626 similiter
1364 578 1445 627 die
1464 579 1662 629 Octava

236 648 389 713 Corp.
414 648 534 698 Chr.
557 647 612 695 in
634 646 707 696 II.
730 646 889 710 Vesp.
925 658 1259 697 concurrente
1295 663 1410 698 cum
1445 650 1528 699 die
1549 651 1663 700 Oct.

235 719 287 768 S.
310 719 346 767 J
350 719 532 768 oannis
551 718 719 782 Bapt„
741 717 988 781 Vesperae
1020 727 1167 766 erunt
1191 718 1253 767 de
1276 719 1389 770 Oct.
1415 720 1660 784 Corporis

236 789 454 845 Christi,
486 803 603 837 cum
625 803 893 837 commem.
917 788 1127 837 Octavae
1151 789 1203 839 S.
1224 788 1262 837 J
1264 791 1462 839 oannis·

294 859 360 908 In
390 858 462 908 11.
485 859 734 921 Vesperis
765 858 1009 921 Duplicis
1031 860 1073 908 1.
1096 859 1278 908 classis
1308 860 1364 908 fit
1397 875 1663 910 commem.

235 932 297 979 de
318 931 492 979 Festis
515 929 673 992 Dupl.
709 937 757 977 et
781 928 1065 992 Semidupl.
1098 930 1323 978 reductis
1356 931 1420 977 ad
1454 932 1660 979 modum

236 999 499 1063 Simplicis
540 1001 918 1061 tantummode,
970 1000 1016 1047 si
1060 999 1353 1060 hujusmodi
1398 1014 1663 1050 commem.

235 1070 469 1119 facienda
511 1070 577 1117 sit
608 1069 691 1117 die
725 1069 975 1132 sequenti.
1042 1067 1107 1116 In
1140 1067 1453 1130 Duplicibus
1493 1076 1663 1117 tamen

236 1139 304 1189 11.
338 1140 522 1188 classis
556 1139 619 1188 de
652 1139 802 1187 dictis
836 1138 1010 1186 Festis
1041 1138 1098 1185 fit
1133 1151 1317 1187 comm.
1349 1138 1403 1185 in
1433 1138 1663 1201 utrisque

199 1218 204 1245 ³
238 1209 498 1273 Vesperis‚
533 1211 597 1258 ad
629 1210 792 1257 instar
813 1209 1026 1257 Octavae
1049 1217 1098 1256 et
1119 1208 1431 1257 Dominicae:
1468 1224 1570 1257 non
1605 1210 1661 1258 fit

236 1294 357 1328 vero
392 1295 578 1329 comm.
620 1280 683 1328 dc
715 1280 798 1328 die
830 1278 966 1326 infra
1000 1280 1273 1340 Octavam,
1315 1280 1415 1327 nisi
1456 1280 1659 1343 quando

238 1351 298 1399 de
319 1365 379 1400 ea
400 1351 515 1400 fieri
537 1350 721 1399 debeat
742 1349 988 1400 Officium
1010 1348 1073 1397 de
1095 1350 1345 1413 sequenti.

298 1423 428 1471 Cum
472 1421 649 1484 plures
688 1420 816 1468 fiunt
849 1421 1383 1483 commemorationes,
1430 1429 1664 1469 servetur

239 1491 318 1540 hic
349 1493 503 1541 ordo:
542 1493 586 1539 1.
611 1492 691 1539 De
723 1490 1000 1539 Dominica
1029 1491 1376 1553 privilegiata,
1410 1493 1454 1539 2.
1488 1491 1549 1538 de
1582 1490 1665 1538 die

241 1571 436 1623 octava,
470 1564 516 1610 3.
541 1561 605 1609 de
630 1560 824 1622 duplici
847 1561 1045 1621 maiori,
1077 1563 1122 1608 4.
1153 1561 1217 1608 de
1241 1561 1437 1624 duplici
1459 1561 1663 1621 minori,

240 1633 300 1680 ad
340 1633 508 1680 instar
549 1630 863 1693 simplicium
901 1631 1150 1693 redactiS,
1191 1632 1237 1679 ὅ.
1280 1630 1344 1678 de
1386 1631 1663 1679 Dominica

241 1702 514 1762 communi,
547 1704 592 1750 6.
624 1701 687 1748 de
719 1700 801 1747 die
823 1700 959 1748 infra
983 1709 1217 1749 octavam
1242 1700 1492 1762 Corporis
1517 1699 1662 1747 Chri—

239 1774 316 1835 sti,
342 1773 387 1821 7.
412 1772 476 1819 de
498 1770 841 1833 semiduplici,
865 1770 910 1818 8.
928 1770 991 1818 de
1010 1770 1095 1818 die
1112 1769 1251 1818 infra
1274 1777 1509 1817 octavam
1533 1783 1665 1817 com-

238 1857 460 1902 munem,
479 1841 546 1889 ad
563 1839 852 1902 simplicem
870 1839 1029 1888 ritum
1045 1840 1245 1901 pariter
1260 1839 1485 1888 redactis
1499 1876 1511 1900 ,
1536 1841 1579 1889 9.
1598 1840 1662 1887 de

238 1913 368 1962 feria
387 1911 574 1974 majori
596 1909 684 1958 vel
705 1909 916 1980 Vigilia,
942 1911 1016 1958 10.
1042 1910 1105 1958 de
1129 1909 1379 1973 Simplici.
