1954 2779
519 212 727 273 Antiph.
756 213 805 258 in
830 213 1070 259 sabbatis
1096 222 1212 274 post
1236 214 1452 261 Pentee:

266 328 529 376 dixerunt:
584 326 741 375 Vivat
771 341 862 375 rex
895 328 949 376 in

267 398 529 445 aeternum.

338 467 395 518 δ”.
426 466 738 529 Vespertina
786 467 950 515 oratio

264 538 504 586 ascendat
538 537 602 584 ad
633 545 682 585 te
714 537 950 586 D6mine.

269 608 336 668 Ru
370 608 441 655 Et
481 607 756 655 descendat
796 621 951 669 super

265 692 359 726 nos
381 678 737 730 misericordia
757 686 860 727 tua.

327 749 442 797 Nisi
474 750 712 810 ponenda
744 751 809 798 sit
834 754 952 799 Ant.

265 825 358 871 pro
394 811 604 859 Domin.
640 813 683 859 I.
707 813 953 874 Augusti:

266 873 384 932 quia
409 880 532 920 tune
558 873 729 920 omiss.
755 875 872 922 Ant.
894 877 954 923 de

263 933 412 980 libris
437 933 582 993 Reg„
608 945 871 997 ponuntur
894 938 954 983 de

263 994 410 1042 libris
458 995 776 1044 Salomonis:
817 999 954 1058 quod

265 1059 414 1104 etiam
472 1065 707 1104 servatur
759 1061 810 1105 in
880 1074 952 1106 se-

265 1119 543 1178 quentibus
581 1118 952 1169 HebdomadiS.

423 1241 652 1289 Sabbato
682 1252 797 1292 ante

259 1306 484 1358 Domini
492 1309 638 1359 vm.
654 1318 779 1371 post
791 1312 945 1357 Pent.

326 1382 406 1428 Ad
419 1381 632 1443 Magnif.
651 1383 768 1431 Ant.
783 1382 947 1429 Exau-

255 1449 376 1498 disti
419 1449 643 1497 D6mine
686 1452 715 1483 ³¹⁶
758 1451 943 1500 oratid-

257 1534 372 1568 nem
405 1519 544 1568 servi
579 1520 669 1580 tui,
701 1529 756 1569 ut
787 1521 942 1570 aedifi-

258 1591 426 1638 edrem
468 1592 716 1653 templum
748 1593 942 1640 ndmini

258 1668 361 1710 tuo,

327 1733 392 1785 Y.
415 1731 737 1794 Vespertina.
774 1750 944 1796 supra.

421 1863 647 1912 Sabbato
681 1872 794 1911 ante

260 1934 478 1981 Domin.
511 1933 602 1980 lx.
636 1941 762 1994 post
787 1935 942 1987 Pent.

325 2014 409 2060 Ad
433 2014 646 2074 Magnif.
672 2015 788 2063 Ant.
808 2016 944 2062 Dum

260 2082 462 2131 tdlleret
491 2081 747 2129 deinus
784 2085 812 2116 ’¹‘
835 2082 943 2131 Eli-

259 2167 337 2200 am
359 2167 455 2215 per
475 2150 736 2200 ttirbinem
767 2153 821 2200 in
844 2167 942 2201 coe-

259 2222 379 2284 lum,
411 2222 621 2271 Eliseus
660 2223 941 2272 clamabat:

258 2292 410 2341 Pater
441 2292 527 2353 mi,
561 2307 743 2341 currus
765 2294 943 2352 Israel,

260 2370 307 2410 et
328 2362 506 2424 auriga
530 2362 654 2422 ejus,
895 2410 896 2413 ,

329 2433 393 2483 3³.
413 2432 734 2494 Vespertina.
776 2449 945 2495 supra.

1593 223 1683 271 313

1166 329 1394 378 Sabbato
1419 338 1535 376 ante

1005 402 1222 449 Domin.
1238 403 1304 450 Χ.
1322 409 1449 463 post
1471 402 1691 452 Pentec.

1068 480 1146 527 Ad
1168 480 1379 540 Magnis.
1409 482 1525 527 Ant.
1550 482 1689 530 1¹'ecit

1005 550 1041 598 J
1043 565 1131 598 oas
1144 554 1173 585 ³¹²
1184 560 1378 601 rectum
1398 567 1571 601 eoram
1585 553 1692 601 Βό-

1004 621 1144 668 mino
1161 624 1358 671 cunctis
1373 623 1570 685 diebus»,
1582 624 1691 686 qui-

1004 690 1102 737 bus
1136 692 1309 741 ddcuit
1354 708 1469 742 eum
1501 694 1688 743 Joiada

1005 761 1261 812 sacerdos,

1068 832 1133 883 Y.
1158 832 1480 895 Vesperdna.
1513 848 1683 893 supra.

1160 971 1385 1018 Sabbato
1418 981 1530 1019 ante

1003 1042 1218 1089 Domin.
1251 1043 1342 1090 XL
1373 1051 1504 1103 post
1533 1046 1687 1092 Pent.

1069 1119 1149 1168 Ad
1179 1118 1390 1178 Magnif.
1428 1122 1546 1166 Ant.
1584 1122 1687 1170 Ob-

1001 1204 1146 1238 secro
1200 1189 1445 1252 deine‚
1503 1193 1532 1225 *
1583 1206 1688 1240 me·

1000 1261 1172 1308 mento
1204 1274 1394 1322 quaeSO,
1426 1263 1683 1323 qudmodo

1001 1329 1372 1379 ambuldverim
1413 1346 1587 1381 eoram
1633 1342 1684 1382 te

1000 1403 1054 1449 in
1084 1403 1325 1464 veritate,
1360 1412 1409 1452 et
1441 1404 1495 1452 in
1530 1405 1683 1453 corde

999 1473 1242 1535 perfeetO,
1276 1482 1324 1522 et
1354 1476 1494 1537 quod
1522 1476 1682 1538 placi-

997 1551 1105 1590 tum
1119 1552 1194 1591 est
1210 1559 1383 1592 eoram
1397 1554 1446 1593 te
1456 1545 1680 1594 fecerim.

1064 1614 1131 1665 Y.
1157 1615 1474 1676 Vespertina.
1510 1629 1679 1673 supra.

1157 1744 1380 1792 Sabbato
1416 1753 1528 1789 ante

998 1814 1345 1863 Dominicam
1367 1816 1407 1862 1.
1435 1815 1680 1883 Augusti.

1060 1891 1136 1938 Ea
1154 1900 1318 1939 autem
1336 1894 1521 1941 dieitur
1533 1896 1571 1943 Ι.
1584 1895 1686 1943 Do-

999 1954 1184 1999 miniea
1218 1957 1419 2011 mensis,
1462 1970 1575 2015 quae
1609 1968 1683 2004 est

1000 2016 1053 2061 in
1086 2014 1356 2075 Kalendis,
1392 2018 1475 2063 vel
1508 2021 1681 2078 proxi-

999 2077 1132 2123 mior
1212 2076 1459 2125 Kalendis
1542 2080 1683 2126 illius

1000 2138 1214 2184 mensis:
1238 2139 1309 2185 ita
1339 2148 1396 2185 ut
1428 2141 1472 2186 si
1496 2140 1683 2186 Kalen·

1000 2199 1076 2244 dae
1111 2198 1299 2245 fuerint
1330 2200 1398 2258 ii„
1430 2200 1500 2246 iii.
1537 2208 1584 2247 et
1616 2202 1681 2249 iv,

1005 2260 1172 2317 Feria,
1197 2267 1317 2306 tune
1350 2261 1389 2308 1.
1412 2261 1683 2309 Dominiea

999 2321 1203 2379 mensis,
1222 2322 1272 2367 in
1287 2336 1387 2380 qua
1402 2323 1534 2370 liber
1550 2325 1683 2371 Seri-

1000 2390 1164 2441 pturae
1196 2382 1515 2429 inchoandus
1540 2385 1684 2443 poni-

999 2451 1095 2499 tur,
1123 2451 1199 2489 est
1224 2457 1280 2488 ea
1304 2458 1418 2501 quae
1442 2445 1684 2503 praeeedit

1000 2503 1277 2550 Kalendas,
1322 2506 1413 2551 Sin
1444 2512 1611 2549 autem
1638 2518 1683 2547 v.
