1954 2779
414 166 1192 179 ff‘d———fl—-ae——Q——ubff
1235 171 1272 175 Ἣ
1331 172 1362 175 -
1375 170 1630 175 -Ἶ--Μ
1719 169 1746 173 ί

410 907 707 972 Postquam
742 915 912 956 autem
942 909 1237 959 testimonio
1270 912 1336 960 R.
1368 912 1428 962 P.
1463 912 1728 972 Georgii

279 989 580 1040 Schober
608 991 670 1040 C.
700 989 784 1039 Ss.
814 990 892 1052 R„
925 992 1255 1042 Consultoris
1284 994 1429 1044 Sacr.
1453 995 1559 1043 Rit.
1592 995 1725 1044 Con-

284 1075 617 1137 gregationis
651 1083 702 1122 et
734 1073 977 1123 Censoris
1006 1075 1187 1123 Nostri
1215 1074 1405 1124 fuimus
1445 1075 1723 1138 informati,

285 1157 424 1206 hunc
459 1157 659 1206 librum
692 1156 748 1205 in
782 1167 966 1219 quarta
998 1158 1222 1206 editione
1244 1158 1440 1220 formae,
1465 1173 1579 1224 quae
1604 1159 1727 1208 dici—

288 1248 372 1289 tur
413 1242 518 1305 32⁰,
564 1257 683 1291 cum
729 1241 1085 1303 originalibus
1128 1242 1194 1291 ad
1234 1242 1480 1292 amussim
1519 1257 1729 1291 concor-

294 1326 430 1391 dare,
451 1339 502 1379 et
522 1344 555 1378 a
574 1328 734 1377 Sacra
751 1327 964 1376 Rituum
984 1326 1395 1388 Congregatione
1413 1326 1728 1376 declaratum

296 1409 470 1476 fuisse,
505 1412 746 1461 eumdem
769 1410 1004 1474 apprime
1028 1412 1343 1461 concordare
1365 1426 1482 1460 cum
1505 1409 1729 1459 editione

292 1495 471 1558 typica
494 1494 563 1543 ab
598 1493 776 1541 eadem
800 1493 855 1543 S.
878 1492 1291 1555 Congregatione
1325 1492 1409 1541 die
1429 1493 1506 1542 28.
1528 1493 1728 1555 Aprilis

294 1578 417 1628 1884
461 1577 751 1639 publicata:
784 1574 893 1624 Nos
922 1591 1110 1625 novam
1137 1577 1286 1626 istam
1318 1575 1595 1625 editionem
1616 1574 1731 1624 Ho-

296 1675 477 1714 rarum
501 1659 820 1709 Diurnarum
843 1673 872 1707 a
892 1659 1163 1710 Friderico
1185 1661 1367 1709 Pustet
1389 1674 1629 1709 excusam
1659 1668 1730 1708 te-

296 1760 425 1797 nore
450 1744 784 1809 praesentium
813 1743 1154 1794 libentissime
1184 1744 1555 1807 adprobamus,
1590 1743 1729 1792 evul-

300 1832 564 1894 gandique
597 1828 862 1878 licentiam
892 1829 1092 1878 damus.

421 1917 489 1967 In
520 1931 741 1981 quorum
768 1915 921 1965 fidem
956 1916 1051 1965 has
1082 1917 1129 1965 N
1135 1925 1301 1965 ostras
1328 1915 1528 1965 litteras
1559 1917 1725 1964 subsi-

299 2004 604 2064 gnavimus‚
637 2000 913 2062 sigilloque
937 1999 1130 2049 Nostro
1153 2000 1343 2048 muniri
1361 1999 1590 2049 fecimus.

422 2090 825 2149 Ratisbonae‚
846 2088 932 2137 die
956 2088 1000 2134 7.
1023 2088 1199 2137 Martii
1224 2087 1360 2136 1895.

775 2209 849 2285 ›1‹
896 2200 1264 2298 Ignatius

656 2318 949 2378 Episcopus
984 2316 1388 2384 Ratisbonensis.

366 2409 446 2469 (L.
484 2408 557 2470 S.)

888 2483 974 2523 Dr.
994 2482 1168 2523 Alfons
1190 2482 1539 2531 Scheglmann.
1561 2481 1724 2518 Sem-et.

1010 2664 1035 2703 5
