1954 2779
185 176 190 243 1
290 210 368 257 De
400 208 519 256 aliis
544 207 767 268 Octavis,
800 221 914 270 quae
945 222 1053 256 non
1083 216 1201 255 sunt
1231 209 1286 256 in
1315 208 1651 271 KalendariO,

230 278 354 326 nihil
387 278 446 325 fit
479 292 508 325 a
529 277 577 326 F
581 277 686 324 eria
718 286 897 340 quarta
919 278 1165 326 Cinerum
1187 292 1349 341 usque
1383 279 1448 326 ad
1473 279 1651 327 Domi-

228 348 395 396 nicam
414 349 470 395 in
494 347 663 408 Albis,
695 355 743 394 et
765 362 795 395 a
817 346 1011 408 vigilia
1032 347 1365 396 Pentecostes
1394 361 1557 410 usque
1586 350 1650 397 ad

229 418 441 467 Festum
466 418 548 468 Ss.
572 416 839 465 Trinitatis
870 418 1155 479 inclusive,
1190 426 1239 466 et
1270 433 1300 466 a
1334 419 1416 467 die
1451 419 1525 467 17.
1546 418 1651 467 De-

228 489 449 538 cembris
468 501 634 550 usque
657 486 721 534 ad
743 486 1110 550 Epiphaniam.

286 600 414 649 Dies
438 600 650 649 Octavae
673 613 951 663 numquam
970 602 1302 651 transfertur.
1334 604 1450 652 ideo
1473 617 1649 685 quam-

229 685 379 732 quam
412 670 670 719 Nativitas
703 669 754 719 S.
786 670 973 719 Joanis
1006 672 1255 734 Baptistoe
1287 688 1560 723 occurrens
1593 674 1647 721 in

229 741 308 788 die
330 741 581 804 Corporis
606 739 812 801 Christi,
836 741 1213 790 transferatur
1199 758 1253 790 m
1276 743 1410 791 diem
1433 758 1645 806 sequen-

227 818 351 870 tem;
385 825 492 858 non
515 818 686 858 tamen
707 810 1014 859 transfertur
1036 813 1247 874 Octava,
1280 815 1372 862 sed
1404 815 1467 861 de
1501 828 1560 861 ea
1590 814 1646 861 fit

226 889 425 929 tantum
457 881 873 929 commemoratio
907 883 961 929 in
987 882 1174 932 Officio
1209 883 1271 931 de
1303 882 1500 932 Octava
1520 883 1646 932 Cor-

226 951 365 1013 poris
399 951 610 999 Christi.

288 1064 346 1113 Si
380 1072 632 1124 occurrat,
665 1073 720 1112 ut
752 1065 1027 1124 PatronuS‚
1059 1064 1144 1112 vel
1175 1063 1380 1111 Titulus
1402 1063 1649 1112 Ecclesiae

227 1134 516 1196 descriptus
549 1135 616 1182 sit
638 1135 817 1183 eodem
850 1135 932 1182 die
963 1134 1020 1182 in
1042 1133 1357 1182 Kalendario
1392 1149 1508 1182 cum
1530 1134 1646 1182 aliis

229 1205 455 1266 SanctiS,
485 1205 542 1253 in
567 1219 627 1252 ea
649 1205 884 1255 Ecclesia
905 1205 962 1253 fit
984 1213 1181 1253 tantum
1203 1205 1267 1253 de
1292 1204 1534 1267 Patrono,
1565 1206 1649 1254 vel

227 1275 460 1324 Titulari.
501 1276 610 1324 Alii
632 1277 675 1324 si
695 1277 750 1323 in
774 1276 913 1324 dicto
934 1274 1250 1323 Kalendario
1273 1276 1515 1340 descripti
1546 1277 1648 1324 sint

226 1346 317 1394 sub
344 1346 518 1396 officio
536 1346 750 1410 Duplici
769 1347 974 1408 minori,
998 1361 1102 1395 non
1124 1354 1293 1396 tamen
1315 1346 1532 1410 alicujus
1548 1346 1646 1396 Ec-

236 1417 400 1466 clesiae
426 1417 686 1478 DoctoriS,
718 1419 801 1466 vel
831 1418 1184 1480 semiduplici,
1218 1419 1281 1466 de
1315 1419 1388 1466 eis
1420 1418 1550 1465 nihil
1582 1419 1654 1467 fit.

236 1486 290 1535 Si
309 1496 483 1536 autem
518 1488 622 1536 sint
652 1489 714 1535 de
735 1487 1023 1549 Maioribus
1039 1489 1214 1537 Pestis
1242 1495 1329 1536 aut
1352 1487 1653 1547 Doctorum,

234 1558 623 1620 transferuntur,
655 1560 728 1606 ita
757 1566 814 1606 ut
845 1558 910 1606 de
929 1559 1179 1606 translato
1208 1559 1296 1607 fiat
1322 1556 1563 1606 Officium
1595 1574 1654 1607 ac

234 1628 279 1675 si
294 1628 510 1691 proprio
534 1628 618 1676 die
640 1628 999 1677 celebraretur.
1038 1630 1094 1677 Si
1115 1644 1238 1677 vero
1261 1630 1315 1676 in
1337 1628 1652 1676 Kalendario

234 1712 409 1816 plililmes
426 1699 547 1816 lslilnt
580 1708 840 1762 tamquam
872 1697 1087 1747 Festum
1111 1698 1369 1760 Simplex,
1404 1699 1557 1746 etiam
1590 1699 1652 1748 de

237 1768 248 1779 ⁶
296 1770 338 1817 's
368 1770 423 1816 ni
465 1770 476 1780 '
532 1769 606 1818 fit.
1657 1797 1660 1798 ν

290 1873 373 1921 De
406 1873 577 1921 Feriis
601 1874 869 1922 Adventus
902 1882 952 1922 et
984 1873 1415 1936 Quadragesimae,
1449 1877 1653 1935 quando

233 1944 293 1992 de
316 1947 391 1993 eis
413 1959 519 1993 non
541 1943 598 1992 fit
620 1943 877 2005 Officium,
907 1945 964 1992 fit
988 1946 1402 1993 commemoratio
1425 1946 1479 1993 in
1501 1948 1651 1995 utris-

232 2029 328 2076 que
350 2014 613 2078 VesperiS,
638 2022 687 2063 et
707 2013 974 2062 Laudibus
1005 2015 1365 2077 cujuscumque
1387 2014 1555 2064 Festi:
1590 2017 1651 2063 de

233 2085 462 2145 Quatuor
493 2085 853 2149 TemporibuS,
888 2094 940 2133 et
968 2086 1121 2134 Feria
1152 2087 1380 2135 secunda
1410 2087 1653 2147 Rogatio-

231 2170 373 2217 num,
408 2170 468 2204 ae
500 2156 733 2218 Vigiliis,
776 2158 832 2204 in
861 2156 1133 2205 Laudibus
1165 2165 1377 2205 tantum.
1440 2157 1496 2204 Si
1529 2171 1652 2205 vero

229 2227 402 2289 aliqua
444 2226 635 2287 Vigilia
679 2236 913 2275 occurrat
953 2227 1009 2274 in
1047 2227 1314 2287 Adventu,
1361 2225 1652 2286 Quadrage-

230 2295 372 2357 sima,
408 2304 459 2344 et
481 2296 710 2355 Quatuor
741 2296 1105 2360 TemporibuS‚
1139 2296 1222 2345 vel
1256 2297 1309 2344 in
1339 2296 1522 2342 diebus
1555 2295 1652 2343 Fe-

229 2374 427 2415 storum
459 2366 760 2430 Duplicium
805 2368 987 2429 primae
1030 2366 1234 2427 classis,
1280 2366 1391 2413 sive
1422 2364 1652 2423 Patroni,

178 2411 183 2506 ξ
228 2436 310 2484 vel
335 2436 517 2497 Tituli,
549 2446 636 2487 aut
656 2437 1016 2486 Dedicationis
1038 2437 1301 2496 Ecclesiae,
1335 2436 1399 2483 de
1432 2449 1494 2482 ea
1523 2432 1653 2481 nihil

175 2509 182 2618 e
227 2506 304 2568 fit,
338 2523 435 2556 nec
472 2508 627 2555 etiam
659 2509 715 2556 in
746 2507 1029 2556 Laudibus,

915 2650 966 2688 35
