1954 2779
250 308 471 359 natidni:
495 306 526 339 ’¹‘
551 315 600 354 et
622 304 809 365 judicia
842 316 933 350 sua

251 395 357 429 non
376 375 724 426 manifestdvit
747 374 835 421 eis,

325 459 443 505 Ant.
475 457 564 514 Qui
586 468 764 517 pacem
787 452 934 514 ponit

250 532 378 579 fines
399 526 663 584 Ecclesiae,
691 521 933 571 frumenti

253 600 402 660 adipe
426 597 577 645 satiat
607 609 701 642 nos
720 594 852 642 Diis,

326 683 488 742 Capit.
570 680 879 728 1.Cor.11.e.

273 762 539 885 Fratres:
559 761 672 823 Ego
697 760 831 807 enim
854 774 935 806 ac·

376 833 489 896 cepi
508 847 537 879 a
553 831 779 879 dejno
797 829 935 891 quod

254 915 302 955 et
314 904 503 955 tradidi
512 903 677 962 vobiS,
690 901 931 963 qudniam

253 978 509 1027 deinus
542 974 711 1033 JesuS‚
750 973 802 1019 in
837 984 938 1032 qua

254 1057 405 1097 nocte
437 1044 761 1103 tradebatur,
796 1040 937 1089 acce-

256 1122 333 1184 pit
384 1132 589 1181 panem,
644 1122 692 1161 et
747 1111 937 1175 gratias

257 1203 413 1251 agens
456 1186 633 1248 fregit,
682 1191 730 1229 et
780 1181 938 1229 dixit:

258 1258 508 1319 Accipite,
532 1263 581 1302 et
603 1252 905 1302 manducate
926 1268 937 1298 ε

257 1331 356 1378 hoc
404 1335 479 1376 est
523 1339 711 1387 corpus
755 1336 937 1382 meum,

258 1399 395 1460 quod
411 1413 506 1460 pro
520 1396 670 1444 vobis
687 1394 938 1441 tradetur:

257 1471 354 1517 hoc
373 1468 528 1515 facite
552 1466 607 1513 in
623 1478 787 1512 meam
811 1477 942 1511 corn-

257 1537 688 1587 memoratidnem.

487 1621 741 1684 Hymnus,

363 1719 491 1767 ange
513 1703 689 1764 lingua
710 1698 923 1762 gloribsi

366 1774 615 1835 Cdrporis
626 1770 943 1832 mysterium,

262 1844 640 1907 sanguinisque
663 1839 890 1901 preti6si,

263 1918 424 1975 Quem
446 1914 500 1959 in
522 1910 700 1958 mundi
723 1909 945 1971 pretium

261 1986 483 2033 Fructus
540 1981 735 2028 ventris
798 1992 945 2040 gene-

469 2051 576 2099 r6si

262 2124 377 2173 Rex
400 2122 579 2172 effudit
604 2119 861 2170 Gentium.

339 2203 492 2250 Nobis
555 2201 727 2260 datus,
793 2199 946 2247 nobis

471 2277 621 2317 natus

265 2342 346 2388 Ex
368 2340 558 2386 intucta
582 2338 810 2397 Virgine,

265 2411 333 2458 Et
367 2410 422 2456 in
456 2407 648 2455 mundo
673 2407 945 2453 conversa-

473 2485 573 2533 tus,

595 191 654 237 In
678 190 830 236 Festo
857 187 1103 247 Corporis
1132 183 1340 232 Christi.

991 301 1181 361 Sparso
1203 297 1353 345 verbi
1376 295 1585 355 semine,

990 370 1081 419 Sui
1103 382 1273 423 moras
1295 366 1554 415 incolatus

989 442 1125 489 Miro
1150 439 1333 488 clausit
1356 436 1553 485 6rdine.

1058 514 1116 560 In
1137 509 1388 571 supremae
1409 514 1562 554 nocte
1582 522 1680 555 coe-

1196 592 1290 638 nae,

990 650 1317 699 Recumbens
1354 663 1470 697 cum
1501 646 1676 695 fratri-

1201 720 1299 768 bus

994 790 1282 841 Observata
1303 790 1416 851 lege
1439 788 1591 852 plene

994 862 1139 910 Cibis
1161 861 1215 908 in
1237 860 1509 923 legalibus

996 933 1184 981 Cibum
1206 931 1371 979 turbae
1396 929 1648 977 duodenae

997 1004 1061 1052 Se
1086 1004 1172 1051 dat
1194 1002 1302 1051 suis
1324 1000 1584 1048 munibus·

1068 1073 1290 1123 Verbum
1323 1084 1457 1130 cam,
1491 1083 1676 1131 panem

1202 1155 1384 1190 verum

996 1213 1170 1264 Verbo
1195 1225 1399 1261 carnem
1422 1211 1607 1259 efficit:

995 1285 1183 1345 Fitque
1233 1282 1444 1343 sanguis
1488 1282 1683 1331 Christi

1205 1366 1418 1413 merum,

995 1426 1063 1474 Et
1087 1426 1130 1472 si
1148 1439 1337 1489 ¹sensus
1360 1423 1548 1482 deficit,

998 1497 1079 1544 Ad
1109 1495 1420 1543 firniaindum
1455 1507 1547 1542 cor
1581 1493 1683 1540 sin·
1727 1508 1730 1512 ’

1208 1567 1382 1614 cerum

999 1637 1120 1687 Sola
1142 1636 1270 1684 fides
1293 1635 1500 1683 sufficit.

1066 1709 1280 1755 Tantum
1328 1720 1450 1767 ergo
1498 1706 1679 1755 Sacra-

1209 1777 1439 1825 mentum

1004 1848 1321 1898 Veneremur
1344 1844 1543 1893 cernui:

1003 1920 1070 1968 Et
1093 1917 1360 1978 antiquum
1376 1914 1690 1962 documenti]

1002 1991 1154 2039 Novo
1179 1988 1324 2036 cedat
1345 1984 1493 2034 ritui:

1003 2060 1220 2107 Praestet
1292 2056 1418 2104 fides
1481 2055 1692 2116 supple-

1212 2128 1440 2175 mentum

1004 2199 1258 2248 Sensuum
1282 2195 1520 2244 defectui.

1079 2267 1320 2326 Genitdri,
1345 2266 1637 2327 Genitdque

1004 2339 1145 2385 Laus
1169 2344 1218 2384 et
1240 2335 1491 2396 jubilatim

1006 2406 1171 2465 Salus,
1189 2406 1369 2463 honor,
1385 2406 1553 2453 virtus
1571 2420 1696 2466 quo·

1214 2488 1313 2533 que
