1954 2779
662 217 886 267 Sabbato
911 215 972 261 ad
996 213 1212 260 Laudes,

230 334 480 382 micorum
527 329 728 376 distuli:
775 328 805 360 ’¹‘
849 340 913 372 ne

232 406 364 454 forte
386 400 711 464 superbirent
737 398 911 445 hostes

232 476 423 534 eorum,

290 546 359 593 Et
413 543 662 589 dicerent:
726 539 912 585 Manus

233 622 408 664 nostra
448 610 673 669 excelsa,
719 616 768 655 et
808 622 913 654 non

231 687 369 743 Dim,
395 684 424 716 ‘³‘
445 682 566 729 fecit
596 680 706 727 haec
727 677 912 725 omnia.

297 754 437 804 Gens
470 752 665 810 absque
697 747 913 796 consilio

234 834 331 885 est,
364 831 412 870 et
443 823 553 868 sine
574 819 859 882 prudentia.
885 819 914 851 ²³⁶

235 895 445 946 Utinam
469 892 729 953 saperent,
762 889 914 936 etin-

232 964 534 1027 telligerent‚
556 976 615 1010 ae
633 960 915 1008 novissima

234 1033 591 1100 providerent!

297 1105 566 1166 Quomodo
578 1101 916 1165 persequatur

234 1191 368 1225 unus
390 1174 547 1233 mille,
570 1175 600 1207 ²¹²
624 1182 670 1220 et
704 1173 805 1220 duo
840 1171 916 1217 fu—

236 1253 355 1309 gent
378 1245 552 1291 decem
567 1243 775 1290 millia?

298 1317 481 1365 Nonne
496 1314 624 1372 ideo,
640 1313 762 1373 quia
774 1312 917 1359 Deus

235 1402 359 1435 suus
393 1383 625 1432 vendidit
664 1396 775 1441 eos,
809 1383 838 1415 '³‘
872 1391 918 1428 et

235 1456 489 1506 Dominus
502 1452 755 1501 conclusit
765 1451 885 1499 illos
895 1453 919 1499 *Ρ

298 1528 418 1576 Non
464 1525 599 1571 enim
655 1530 731 1570 est
777 1522 919 1570 Deus

236 1605 410 1647 noster
430 1603 487 1643 ut
510 1594 581 1641 dii
605 1594 804 1642 eorum:
826 1595 854 1627 *
874 1599 921 1639 et

237 1667 430 1718 inimici
454 1666 618 1715 nostri
640 1673 758 1712 sunt
790 1663 919 1724 judi-

240 1756 339 1789 ces,

300 1811 381 1858 De
397 1809 547 1855 vinea
563 1805 919 1862 Sodomorum,

241 1880 391 1927 vinea
408 1878 597 1935 eorum,
617 1878 645 1909 '³‘
661 1884 708 1923 et
726 1874 787 1921 de
805 1873 923 1921 sub-

243 1947 454 1997 urbanis
483 1945 809 1995 Gomorrhae:

305 2017 424 2065 Uva
446 2016 622 2064 eorum
644 2029 745 2063 uva
774 2015 922 2072 fellis,

245 2090 274 2123 *
297 2097 345 2136 et
367 2088 504 2134 botri
528 2086 848 2133 amarissimi.

307 2157 402 2206 Fel
434 2156 712 2203 draconum
749 2156 926 2203 vinum

246 2229 445 2286 eorum,
478 2226 529 2258 ‘²⁸
578 2232 626 2271 et
674 2225 926 2272 venenum

246 2297 484 2359 aspidum
507 2293 807 2341 insanabile.

309 2366 492 2414 Nonne
549 2362 659 2407 haec
723 2361 927 2409 condita

247 2441 365 2481 sunt
398 2430 534 2491 apud
571 2444 673 2487 me,
709 2431 739 2463 ³¹⁸
771 2437 819 2477 et
862 2433 927 2478 si-

247 2503 401 2564 gnata
421 2500 475 2546 in
492 2498 745 2545 thesauris
766 2500 928 2548 meis?

1022 324 1139 372 Mea
1172 328 1247 368 est
1279 317 1431 375 ulti0,
1467 323 1514 362 et
1548 329 1642 377 ego

960 393 1241 443 retribuam
1269 390 1323 436 in
1344 387 1588 448 tempore,
1615 387 1644 419 ³¹²

960 473 1019 512 ut
1040 462 1244 512 labatur
1266 473 1357 521 pes
1380 458 1582 506 eorum:

1024 543 1183 591 Juxta
1220 548 1296 587 est
1331 538 1440 586 dies
1476 535 1645 598 perdi-

961 613 1131 670 tioniS‚
1157 612 1186 644 ’¹‘
1214 618 1262 657 et
1295 609 1472 656 adesse
1507 604 1645 652 festi-

962 692 1086 731 nant
1107 683 1354 742 tempora.

1018 763 1053 811 J
1056 762 1172 809 udic
1178 760 1284 806 ebit
1295 756 1550 805 Dominus
1561 753 1648 815 po-

964 833 1146 895 pulum
1167 842 1329 887 suum,
1349 829 1378 860 ²⁸
1396 834 1444 873 et
1467 826 1520 872 in
1545 837 1648 870 ser-

964 904 1046 950 vis
1071 902 1177 949 suis
1200 898 1550 946 miserebitur:

1021 980 1234 1031 Videbit
1244 973 1648 1039 quodinfirmata

966 1053 1032 1100 sit
1042 1064 1239 1108 manuS,
1253 1051 1281 1082 ‘³‘
1294 1057 1341 1095 et
1353 1046 1513 1094 clausi
1529 1057 1650 1104 quo—

967 1136 1066 1182 que
1091 1119 1406 1177 defecerunt,
1435 1112 1648 1164 residui-

968 1207 1067 1253 que
1090 1189 1380 1250 consumpti
1404 1193 1535 1234 sunt.

1029 1273 1097 1320 Et
1120 1271 1279 1318 dicet:
1308 1268 1414 1317 Ubi
1438 1271 1554 1313 sunt
1579 1263 1649 1311 dii

968 1343 1160 1403 eorum,
1177 1343 1206 1374 '³‘
1221 1341 1274 1387 in
1292 1338 1480 1401 quibus
1496 1334 1650 1382 habe-

968 1415 1092 1461 bant
1115 1411 1389 1460 fiduciam?

1031 1493 1111 1541 De
1158 1504 1377 1552 quorum
1429 1484 1650 1533 victimis

971 1560 1304 1614 comedebant
1336 1558 1526 1618 adipeS,
1552 1556 1580 1587 ²¹²
1604 1562 1653 1601 et

970 1634 1218 1684 bibebant
1240 1630 1417 1678 vinum
1449 1624 1650 1672 libami-

971 1720 1124 1753 num:

1030 1784 1266 1844 Surgam,
1280 1787 1327 1827 et
1339 1774 1655 1840 opitulentur

973 1854 1140 1913 vobiS,
1160 1855 1188 1886 ²³⁶
1209 1859 1257 1897 et
1278 1851 1332 1897 in
1355 1844 1656 1895 necessitate

974 1937 1069 1971 vos
1092 1922 1375 1985 protegant.

1037 2002 1220 2052 Videte
1252 1999 1390 2061 quod
1423 2010 1516 2057 ego
1560 1995 1656 2042 sim

976 2074 1140 2132 soluS,
1165 2073 1194 2105 *
1219 2079 1266 2117 et
1298 2082 1402 2116 non
1432 2067 1497 2114 sit
1524 2065 1656 2112 alius

974 2144 1119 2191 Deus
1141 2149 1328 2204 praeter
1350 2152 1455 2185 me:

1037 2222 1150 2282 Ego
1184 2219 1438 2276 occidam,
1482 2223 1530 2266 et
1564 2226 1658 2275 ego

975 2292 1152 2339 vivere
1204 2290 1414 2337 faciam:
1478 2283 1658 2347 percu-

976 2363 1123 2420 tiam,
1166 2368 1214 2407 et
1250 2372 1343 2420 ego
1376 2355 1594 2413 sanab0‚
1631 2355 1660 2386 '³‘

979 2439 1027 2478 et
1049 2444 1155 2476 non
1183 2438 1259 2476 est
1289 2429 1379 2488 qui
1414 2428 1475 2475 de
1507 2437 1661 2473 manu

976 2514 1088 2547 mea
1112 2499 1274 2561 possit
1298 2497 1488 2545 eruere.
