1954 2779
265 221 394 282 [276]

642 218 909 265 Orationes
932 227 1048 264 ante
1071 219 1298 266 Missam.

267 334 525 395 totiusque
556 333 804 383 Ecclesiae
842 346 948 380 8¹1ae
1000 341 1375 393 Protestatio
1403 341 1687 394 facienda.

266 412 471 453 sanctae.
503 407 684 453 Amen.

314 491 319 495 ·
370 473 543 521 Indulg.
567 475 640 512 100
660 471 838 513 dierum.

270 526 353 566 Leo
374 527 457 584 BP.
479 525 606 566 XIII.
627 528 689 565 20.
710 525 811 566 Dec.
834 528 944 566 1884.

466 623 510 675 Ο
531 639 563 673 r
581 638 615 674 a
632 626 655 671 t
670 623 692 674 i
710 639 743 675 o

306 694 659 743 tantummodo
681 694 910 754 dicenda,

268 767 473 827 quando
495 765 747 816 Sacerdos
777 765 832 812 in
857 765 948 813 ho-

265 851 444 886 norem
476 837 651 887 Sancti
680 836 766 883 vel
802 835 946 883 Beati
976 831 981 874 Ι

366 910 580 957 Missam
604 905 843 956 celebrat.

277 972 353 1096 O
389 988 562 1026 sancte
590 981 676 1038 N.‚
701 991 820 1025 ecce
854 990 947 1039 ego

270 1120 372 1168 tuis
393 1120 589 1167 meritis
613 1119 857 1177 confisus»,
882 1117 952 1165 of-

269 1192 379 1239 fero
396 1204 533 1238 nunc
551 1189 951 1238 sacratissimum

272 1262 654 1311 Sacramentum
704 1259 952 1321 Corporis

272 1340 320 1379 et
353 1330 628 1394 Sanguinis
648 1329 755 1378 Dfii
786 1331 950 1377 nostri

267 1404 302 1451 J
305 1417 394 1450 esu
418 1402 623 1450 Christi*
632 1416 730 1463 pro
752 1409 842 1449 tuo
865 1402 952 1449 ho-

269 1471 394 1519 nore
411 1479 460 1518 et
477 1470 656 1532 gloria.
690 1470 884 1518 Precor
902 1479 950 1520 te

269 1541 531 1589 humiliter
564 1547 611 1587 ct
644 1541 848 1602 devote,
893 1550 952 1590 ut

270 1626 366 1674 pro
407 1626 489 1659 me
519 1611 834 1660 intercedere
876 1613 950 1662 di-

271 1683 457 1745 gneriS‚
485 1690 541 1730 ut
562 1690 759 1731 tantum
783 1683 951 1733 Sacri-

271 1754 449 1802 ficium
471 1754 624 1814 digne
651 1761 698 1800 et
721 1763 950 1816 accepta-

271 1823 444 1871 biliter
463 1824 644 1873 offerre
661 1824 876 1882 valeam,
896 1832 951 1871 ut

271 1908 385 1940 eum
400 1900 582 1954 tecum,
600 1900 650 1945 et
664 1906 781 1940 cum
796 1892 954 1941 omni-

271 1963 369 2010 bus
401 1963 576 2010 electis
609 1963 717 2024 ejus
741 1965 951 2011 aeterna-

270 2033 388 2080 liter
408 2033 633 2094 laudare,
662 2041 812 2096 atque
835 2049 951 2082 cum

272 2118 332 2152 eo
353 2105 569 2167 regnate
590 2105 816 2153 valeam:
849 2105 949 2164 Qui

272 2175 404 2223 vivit
426 2184 473 2235 et
495 2185 688 2238 regnat.

1151 427 1264 465 ante
1296 420 1523 467 Missam.
1547 460 1554 467 .

1097 522 1163 570 go
1239 508 1359 556 volo
1425 508 1688 556 celebrare

1138 578 1374 638 Missam,
1425 585 1472 625 ct
1522 578 1686 626 confi-

1001 662 1114 695 cere
1150 648 1351 710 Corpus
1386 656 1434 695 et
1468 648 1687 711 Sangui-

1000 733 1116 766 nem
1132 717 1347 766 Domini
1369 719 1533 767 nostri
1556 720 1592 768 J
1594 733 1686 767 esu

1002 789 1213 849 Christi,
1235 788 1377 849 juxta
1398 789 1554 835 ritum
1575 804 1690 837 san-

1002 867 1097 906 ctae
1125 858 1376 907 Romainae
1417 858 1683 920 Ecclesiae,

1001 930 1066 977 ad
1110 928 1315 977 laudem
1362 930 1686 991 omnipoten-

1002 1000 1067 1046 tis
1090 1000 1205 1058 Dei,
1238 998 1498 1059 totiusque
1526 1000 1684 1048 curiae

391 1051 546 1097 miser
575 1049 839 1111 peccator,
885 1047 947 1094 de
1000 1068 1391 1130 triumphanti&
1440 1069 1503 1116 ad
1547 1070 1686 1117 utffi-

1002 1139 1160 1186 tatem
1192 1153 1377 1200 meam,
1425 1139 1685 1200 totiusque

1004 1208 1160 1269 curiae
1186 1209 1468 1270 militami&
1504 1224 1599 1272 pro
1632 1210 1685 1257 ό-

1004 1280 1226 1340 mnibus,
1244 1281 1332 1341 qui
1350 1294 1405 1328 se
1423 1280 1686 1328 comenda-

1004 1351 1190 1400 verunt
1213 1350 1532 1399 orationibus
1559 1351 1685 1398 meis

1004 1423 1059 1469 in
1099 1422 1284 1484 genere
1326 1430 1375 1469 et
1414 1422 1470 1468 in
1501 1421 1685 1484 specie,

1005 1499 1054 1538 et
1096 1506 1192 1553 pro
1225 1491 1364 1540 felici
1404 1499 1539 1539 statu
1574 1506 1687 1540 san-

1007 1569 1101 1610 ctae
1134 1561 1384 1610 Romanae
1421 1561 1685 1610 Ecclesiae.

1006 1632 1187 1680 Amen.

1012 1733 1301 1857 Gaudium
1366 1751 1483 1785 cum
1543 1751 1684 1799 pace,

1129 1807 1532 1856 emendationem
1548 1808 1686 1867 vitae,

1006 1878 1229 1940 spatium
1268 1891 1405 1925 verae
1437 1877 1688 1939 poeniten-

1005 1949 1105 2008 tiae,
1141 1948 1358 2009 gratiam
1381 1956 1430 1995 et
1452 1947 1686 1996 consola-

1005 2017 1195 2065 tionem
1240 2019 1403 2067 sancti
1446 2019 1688 2081 Spiritus,

1004 2088 1436 2150 perseverantiam
1457 2089 1514 2136 in
1535 2089 1689 2137 bonis

1007 2159 1278 2220 operibuS,
1311 2159 1503 2206 tribuat
1534 2159 1688 2207 nobis

333 2247 399 2292 Et
419 2246 462 2291 si
481 2254 598 2292 sunt
614 2247 803 2307 plures,
824 2247 953 2291 dica-
981 2292 982 2303 ¹
1007 2228 1330 2290 omanOtens
1388 2237 1437 2276 et
1488 2227 1687 2278 miseri·

273 2313 356 2352 tur
379 2308 432 2352 in
454 2320 666 2353 numero
689 2307 891 2368 plurali.

376 2378 549 2427 Indulg.
571 2383 649 2419 100
667 2378 844 2419 dierum.

274 2430 360 2469 Leo
376 2432 456 2470 PP.
476 2432 604 2471 XIII.
625 2436 687 2472 20.
710 2432 814 2471 Dec.
838 2434 951 2472 1884.

1007 2313 1123 2348 cors
1145 2299 1416 2347 Dominus,
1448 2301 1632 2348 Amen.

1113 2378 1285 2424 Indulg.
1320 2380 1372 2417 50
1397 2375 1578 2417 dierum.

1093 2430 1325 2482 Gregorius
1354 2430 1436 2469 PP.
1467 2430 1596 2471 XIII.

714 2516 1242 2550 ψ
