1954 2779
273 213 371 276 [82]
653 215 893 263 Officium
932 216 1008 261 De
1019 216 1318 262 functorum.

274 351 286 356 ··
319 328 660 377 Convertetur
677 328 826 377 dolor
843 341 951 388 ejus
1002 342 1174 389 parcis
1192 326 1333 386 m1h1‚
1351 340 1447 374 nee
1469 325 1687 374 d1mitt1s

269 399 325 445 in
366 405 518 459 eaput
559 397 692 458 ejus:
736 398 766 431 ’¹‘
808 407 857 446 et
897 399 975 481 in'

269 469 515 516 verticem
558 467 722 529 ipsius
764 467 951 528 iniqui-

270 546 348 586 tas
371 537 479 596 ejus
498 537 789 586 descendet.

331 605 863 656 ConfiteborDomino
876 622 948 655 se-

271 677 495 724 eundum
508 676 755 737 justitiam
771 677 906 737 ejus:
921 681 949 712 ²³⁸

267 755 317 795 et
354 747 574 808 psallam
613 747 810 794 nomini
842 748 948 797 Do-

267 817 393 864 mini
415 816 667 864 altissimi.

328 886 581 948 Requiem
606 889 863 938 aeternam.

333 959 451 1004 Ant.
482 958 762 1018 Nequando
779 960 948 1021 rapiat

263 1035 319 1074 ut
365 1027 446 1074 leo
495 1028 717 1076 animam
766 1043 944 1089 meam,

263 1097 383 1144 dum
427 1111 532 1145 non
582 1106 658 1144 est
703 1099 792 1160 qui
832 1099 944 1147 red-

260 1167 397 1225 imat,
422 1181 586 1228 neque
624 1169 711 1228 qui
743 1169 945 1217 salvum

262 1238 434 1303 faeiat.

332 1316 393 1366 Y.
446 1310 493 1356 A
557 1317 707 1370 porta
769 1309 937 1357 inferi.

260 1383 325 1444 Ru
371 1381 511 1429 Erue
563 1377 786 1427 Domine
836 1379 944 1427 Ani-

261 1464 369 1498 mas
404 1449 592 1497 eorum.

327 1521 476 1566 l’ater
530 1524 722 1565 noster.
778 1529 936 1568 totum

258 1591 468 1629 seelcto

320 1651 590 1699 LectIOnes
612 1653 849 1715 leguntur
874 1655 937 1700 si—

256 1728 318 1759 ne
363 1701 727 1766 Absolutione
776 1716 938 1761 Bene-

256 1776 568 1822 dictionibus
594 1784 639 1822 et
665 1777 852 1823 litulo.

316 1864 547 1909 Lectioi
658 1863 815 1910 Ῑ(1)7.
830 1865 875 1911 d.

282 2000 297 2075 ³5
326 1995 394 2066 ἵ,
391 2049 423 2065 --.
473 2023 563 2070 ne3
620 2010 750 2057 nihil
805 2010 938 2056 enim

413 2089 422 2096 ¹
473 2087 591 2127 sunt
654 2079 762 2126 dies
824 2080 938 2128 mei.

258 2149 393 2209 Quid
415 2157 490 2196 est
503 2149 674 2208 homo,
697 2150 817 2209 quia
836 2164 936 2197 ma-

254 2218 468 2279 gnificas
501 2220 656 2266 eum?
691 2228 778 2267 aut
813 2220 937 2279 quid

258 2287 478 2345 apponis
521 2301 640 2349 erga
683 2302 797 2335 eum
847 2303 938 2336 eor

256 2355 437 2400 tuum?
485 2355 678 2403 VIsitas
712 2371 829 2403 eum
862 2358 937 2404 di-

254 2420 445 2480 lucu10‚
469 2430 518 2469 et
541 2424 714 2473 subito
744 2426 936 2487 probas

281 1953 557 2009 arce
602 1941 726 1988 mihi
761 1940 938 1988 Domi·
964 1963 965 1974 π

1002 411 1097 457 me,
1132 405 1188 445 ut
1220 396 1435 459 glutiam
1467 397 1687 444 salivam

1003 469 1205 515 meam?
1266 466 1511 527 Ρθοοέινὶ,
1559 468 1688 528 quid

1004 536 1190 585 faciam
1221 537 1318 584 tibi
1342 551 1372 584 o
1400 544 1573 584 eustos
1596 537 1689 585 ho-

1002 607 1198 654 minum
1212 608 1237 654 *Ρ
1268 620 1428 667 quare
1462 607 1685 668 posuisti

1000 690 1082 724 me
1120 677 1435 724 contrarium
1473 677 1595 737 tibi,
1633 686 1684 725 et

1001 746 1168 794 factus
1203 761 1316 794 sum
1349 747 1685 808 mihimetipsi

1000 817 1211 878 gravis?
1257 817 1363 866 Cur
1396 821 1503 866 non
1532 817 1683 864 'tollis

999 886 1268 947 peceatum
1290 900 1475 948 meum,
1494 895 1545 935 et
1561 901 1685 948 qua-

999 970 1054 1003 re
1084 970 1188 1003 non
1230 956 1401 1005 aufers
1434 958 1677 1020 iniquita-

1000 1032 1100 1072 tem
1142 1028 1343 1074 meam‘?
1384 1041 1501 1075 eece
1542 1042 1681 1076 nune

972 1096 1053 1141 'in
1085 1095 1299 1156 pulvere
1332 1096 1608 1145 dormiam:
1633 1100 1684 1145 e't
1765 1114 1769 1116 ’

1000 1166 1043 1212 si
1085 1180 1234 1213 mane
1276 1180 1357 1213 me
1397 1168 1678 1228 quaesieri&

970 1258 973 1275 ὲ
998 1249 1103 1282 non
1126 1235 1424 1284 subsistam.

1044 1310 1313 1355 Lectiones
1340 1308 1675 1354 terminantur

997 1370 1108 1416 sine
1131 1368 1212 1416 Tu
1248 1373 1431 1419 autem.
1460 1369 1540 1417 vel
1575 1369 1676 1416 alia

998 1432 1340 1480 conclusione.

1060 1506 1124 1565 Β).
1166 1501 1335 1549 Credo
1371 1502 1511 1562 quod
1544 1500 1678 1556 Red-

966 1619 969 1638 3
996 1572 1197 1633 emptor
1220 1585 1364 1619 meus
1385 1572 1532 1631 vivit,
1551 1579 1600 1618 et
1621 1572 1678 1619 in

966 1643 969 1658 '
996 1641 1279 1689 novissimo
1319 1641 1403 1688 die
1445 1642 1508 1690 de
1539 1650 1677 1690 terra

995 1711 1328 1759 surrecturus
1359 1726 1503 1764 sum:
1537 1717 1555 1748 ·
1559 1712 1678 1759 Et

993 1782 1048 1828 in
1108 1795 1259 1829 carne
1322 1795 1435 1829 mea
1487 1735 1677 1828 videbo

993 1851 1160 1898 Deum
1208 1851 1530 1899 salvatorem
1574 1864 1678 1897 me-

995 1937 1094 1969 um.
1165 1929 1234 1980 Y..
1271 1921 1433 1980 Quem
1465 1920 1676 1968 visurus

993 2005 1106 2038 sum
1132 2005 1244 2053 'ego
1293 1992 1429 2053 ipse,
1474 1999 1542 2039 et
1570 2004 1678 2037 non

993 2060 1150 2108 alius:
1186 2069 1235 2108 et
1258 2061 1396 2109 oculi
1428 2060 1527 2108 mei
1552 2074 1674 2107 con·

992 2131 1220 2192 speeturi
1244 2139 1378 2179 sunt.
1402 2131 1471 2179 Et
1491 2131 1545 2178 in
1564 2144 1675 2178 ear-

992 2215 1055 2247 ne
1077 2214 1208 2249 mea.

1055 2285 1229 2331 {lectio
1253 2287 1302 2334 ii.
1391 2289 1514 2336 job,
1537 2293 1606 2336 10.

1088 2358 1216 2403 aedet
1249 2358 1472 2405 animam
1507 2370 1674 2404 meam

1122 2427 1243 2474 vitae
1259 2440 1398 2486 meae,
1419 2427 1676 2474 dimittam

253 2489 415 2538 illum.
496 2492 779 2555 Usquequo
832 2481 960 2560 non}
988 2497 1260 2545 adversum
1294 2510 1375 2543 me
1408 2496 1671 2557 eloquium
