1954 2779
660 452 846 513 DUAE
883 454 1274 514 TABELLAE

252 554 344 600 EX
377 550 727 601 RUBRICIS
764 552 1265 604 GENERALIBUS
1297 555 1674 604 BREVIARH

793 634 1124 676 EXCERPTAE
1139 668 1148 681 .

250 713 301 758 in
326 726 551 774 quarum
576 711 741 770 prima
763 714 933 760 statim
951 714 1116 760 videri
1133 716 1320 775 poterit
1341 716 1404 762 de
1426 731 1525 776 quo
1546 718 1671 763 eele-

252 782 508 829 brandum
536 779 637 827 erit
660 780 914 842 Officium,
950 784 991 830 si
1027 785 1172 845 plura
1207 786 1384 833 eodem
1415 788 1496 834 die
1519 787 1672 834 Festa

250 860 540 899 occurrant.

310 930 375 978 In
400 929 636 979 secunda
662 944 799 989 vero,
836 932 1090 991 quomodo
1121 932 1360 980 Officium
1381 936 1674 994 praecedens

254 1008 530 1047 concurrat
567 999 621 1044 in
647 997 889 1060 Vesperis
923 1016 1038 1048 cum
1063 1001 1248 1050 Officio
1273 1005 1529 1063 sequentis
1563 1005 1676 1051 diei.

311 1090 392 1135 Ex
420 1098 645 1148 utraque
669 1086 881 1133 'Fabella
908 1088 1002 1134 hoe
1027 1088 1204 1133 ordine
1239 1089 1519 1149 reperietur
1543 1093 1676 1150 quod

250 1161 513 1220 quaeritur.

339 1258 534 1305 timum
557 1252 854 1300 inveniatur
871 1264 1114 1300 numerus
1130 1251 1331 1314 positus
1350 1253 1406 1300 in
1422 1253 1675 1316 quadran-

386 1325 513 1388 gulo
533 1322 648 1382 illo,
679 1322 735 1369 in
754 1336 857 1385 quo
880 1322 1051 1384 Festa,
1084 1323 1147 1370 de
1168 1322 1357 1385 quibus
1379 1332 1456 1371 est
1477 1332 1678 1373 contro—

250 1399 432 1457 versia,
459 1394 562 1443 sibi
583 1392 807 1440 invicem
830 1402 1134 1442 occurrunt:
1169 1393 1353 1441 deinde
1377 1393 1579 1456 legatur
1600 1409 1678 1442 re—

251 1467 365 1526 gula
398 1469 548 1529 juxta
581 1463 777 1512 dictum
810 1477 1079 1511 numerum
1112 1463 1396 1527 descripta,
1440 1473 1490 1512 et
1524 1478 1588 1512 ex
1621 1479 1680 1513 ea

252 1536 384 1586 clare
407 1534 676 1585 videbitur
695 1534 822 1596 quid
844 1534 910 1581 sit
933 1534 1207 1594 agendum.

302 1613 554 1676 Exempli
577 1613 764 1673 gratia:
802 1611 1215 1674 Quadrangulus,
1248 1613 1303 1660 in
1337 1628 1438 1675 quo
1469 1613 1568 1662 sibi
1600 1615 1678 1663 in-

248 1685 412 1734 vicem
447 1691 726 1732 occurrunt
751 1683 960 1745 Duplex
994 1684 1175 1745 primae
1208 1683 1390 1730 classis
1426 1691 1476 1730 et
1497 1683 1677 1732 Domi-

245 1756 360 1804 niea
392 1755 578 1818 primae
611 1753 819 1813 elassis»,
853 1753 949 1800 erit
982 1752 1072 1815 qui
1104 1760 1182 1799 est
1212 1751 1267 1799 in
1303 1752 1494 1812 angulo
1528 1768 1678 1817 supe-

246 1825 371 1874 riori
404 1824 590 1888 primoe
611 1822 870 1884 Tabellae‚
901 1823 957 1870 in
990 1836 1092 1886 quo
1126 1822 1358 1883 signatus
1392 1832 1468 1871 est
1501 1838 1674 1873 nume-

244 1908 332 1943 tus
352 1897 414 1952 1.,
438 1893 561 1956 quia
584 1892 629 1940 si
651 1893 716 1941 ad
735 1907 850 1941 eum
872 1900 977 1940 tam
999 1892 1207 1956 Duplex
1228 1907 1382 1955 quam
1399 1893 1675 1944 Dominica

245 1964 496 2026 praedicta
531 1976 596 2010 ex
627 1976 802 2010 eorum
836 1961 966 2010 loeis
1000 1971 1140 2011 recto
1163 1963 1366 2011 tramite
1388 1975 1675 2027 pergerent,

244 2033 298 2081 in
341 2049 406 2083 eo
448 2032 811 2081 sibi-invicem
853 2041 1199 2082 occurrerent.
1260 2032 1464 2094 Regula
1508 2045 1673 2084 autem

243 2104 389 2164 juxta
424 2104 617 2151 dietum
654 2117 925 2150 numerum
959 2104 1197 2166 apposita
1229 2103 1305 2151 sie
1336 2104 1519 2152 habet:

309 2184 352 2231 1.
402 2183 690 2231 Translatio
727 2183 788 2228 de
826 2183 1013 2243 primo,
1058 2183 1296 2231 Officium
1332 2187 1392 2231 de
1428 2187 1668 2232 secundo.

247 2251 311 2299 Id
346 2260 451 2313 est,
492 2251 702 2313 Duplex
732 2252 913 2314 primae
946 2251 1129 2299 elassis
1160 2252 1466 2314 praedictum
1510 2261 1674 2301 trans-

247 2322 469 2383 feratur,
524 2328 573 2368 et
621 2321 863 2372 Officium
918 2319 1007 2370 fiat
1059 2321 1125 2368 de
1173 2320 1446 2369 Dominica
1493 2323 1673 2384 primae

248 2392 456 2440 elassis:
492 2392 613 2453 quia
642 2405 758 2440 eum
791 2392 846 2438 in
867 2390 948 2437 his
969 2390 1167 2450 regulis
1190 2390 1379 2439 dieitur
1403 2391 1484 2438 De
1505 2392 1674 2454 primo

248 2475 339 2510 seu
361 2461 697 2525 praecedenti,
728 2460 1036 2523 intelligitur
1058 2460 1122 2508 de
1143 2460 1301 2509 Festo
1332 2459 1387 2507 in
1420 2461 1675 2522 superiori

249 2541 396 2593 parte
429 2531 659 2580 Tabellae
700 2530 963 2592 apposit0‚
1007 2539 1064 2577 ut
1096 2529 1310 2592 Duplex
1339 2529 1673 2592 praedietum3

930 2674 980 2712 27
1396 2657 1465 2701 ὓ*
