1954 2779
228 209 320 256 36*
675 205 745 250 16.
773 212 819 249 et
841 204 916 248 21.
940 198 1199 248 Octobris.

226 333 345 386 ptor
368 337 511 370 meus
534 335 603 368 es.
639 318 752 367 Deo
776 317 912 365 vitae.
967 313 1298 362 tabernAeulo
1328 326 1423 360 suo
1456 311 1659 360 habita-

967 398 1024 432 re
1047 383 1171 431 facit
1193 396 1319 447 eam.

1029 465 1112 512 Ad
1128 464 1339 522 Magnis.
1361 462 1478 508 Ant.
1501 458 1657 522 Sapi—

968 532 1158 580 entiam
1199 533 1307 592 ejus
1344 529 1661 578 enarrabunt

967 609 1172 662 gentes²
1218 609 1268 649 et
1299 600 1505 648 laudem
1546 600 1658 660 ejus

968 670 1253 719 enuntiabit
1274 669 1523 719 Ecclesia.

229 395 413 445 Gloria
436 391 592 440 Patri.
624 387 796 451 Apud.

288 470 352 529 Y.
373 472 562 520 Passer
582 467 779 517 invenit
812 466 913 514 sibi

230 546 454 594 domum.
469 543 533 604 32.
560 538 628 586 Et
645 546 813 584 turtur
837 536 914 584 ni-

229 615 350 662 dum
374 612 490 672 sibi,
512 609 603 658 ubi
619 615 776 670 ponat
800 605 914 667 pul—

226 686 305 734 los
326 697 462 732 suos.

337 783 402 829 In
431 780 497 828 11.
519 777 800 838 vesperis,

292 866 501 929 Antiph.
528 867 567 914 1.
592 864 741 914 Fssiae
762 863 798 913 J
803 864 915 913 eru-

227 940 387 987 salem
441 936 671 986 nuntiate
727 934 915 984 dilecto

228 1023 341 1058 meo
361 1045 374 1070 ‚
431 1009 549 1071 quia
591 1006 764 1054 amore
805 1005 914 1053 lan-

229 1091 487 1186 guf’galmi
519 1146 574 1185 ut
610 1138 662 1184 in
692 1122 731 1186 I.
756 1138 910 1200 Vesp.

231 1201 291 1247 de
332 1200 912 1262 CommuniVirginum.

292 1281 335 1327 2.
360 1276 597 1326 Dilectus
614 1290 758 1324 meus
776 1276 916 1337 mihi,

229 1354 277 1395 et
311 1359 405 1407 ego
439 1346 534 1407 illi,
567 1346 654 1409 qui
686 1346 917 1409 pascitur

228 1418 362 1464 inter
392 1416 518 1464 lilia.

292 1491 335 1534 3.
362 1485 567 1534 Florete
588 1484 740 1533 flores
767 1486 915 1547 quasi

227 1557 409 1617 lilium,
445 1563 493 1603 et
531 1555 648 1603 date
688 1554 914 1616 odorem,

230 1635 279 1675 et
301 1626 537 1675 frondete
557 1626 613 1673 in
634 1625 868 1686 gratiam.

292 1710 337 1755 4.
372 1707 485 1754 Fiat
518 1719 607 1754 cor
629 1719 799 1754 meum
821 1706 915 1754 im·

230 1776 538 1825 maculatum
580 1777 634 1824 in
673 1775 915 1837 justifica-

229 1847 456 1895 tionibus
472 1847 590 1906 tuiS‚
607 1855 663 1894 ut
675 1860 779 1894 non
795 1860 915 1894 con-

228 1917 428 1965 fundar.

296 1993 339 2039 ὁ.
374 1985 715 2047 GaudeamuS,
750 1994 799 2034 et
830 2000 916 2034 ex-

231 2057 496 2118 saltemus,
526 2066 576 2105 et
598 2057 777 2106 demus
808 2056 916 2119 glo·

230 2196 423 2257 nuptiae
458 2199 610 2258 Agni.

296 2275 458 2333 Capit.
485 2282 531 2321 et
557 2274 752 2335 Hymn.
784 2282 838 2321 ut
864 2275 915 2320 in

234 2331 274 2376 Ι.
309 2334 560 2394 Vesperis.

985 1260 1073 1381 D

969 1415 1062 1448 sua
1100 1401 1165 1448 ad
1203 1407 1253 1447 te
1286 1398 1568 1459 attrahere,
1609 1408 1660 1448 et

967 1471 1181 1532 imdgini
1210 1468 1335 1517 Filii
1372 1470 1447 1516 tui
1477 1468 1659 1517 Cruci·

967 1540 1064 1587 fixi
1085 1539 1403 1588 conformem
1428 1538 1545 1586 fieri
1566 1553 1658 1587 vo—

967 1610 1135 1659 luisti:
1199 1609 1393 1670 tribue,
1458 1608 1657 1671 quaesu-

968 1695 1107 1741 mus;
1160 1689 1215 1729 ut
1268 1681 1375 1742 ejus
1418 1678 1657 1741 exempla

969 1752 1254 1811 sectanteS,
1316 1751 1371 1797 in
1424 1749 1658 1797 eamdem

967 1821 1243 1881 imaginem
1324 1819 1660 1868 transforme-

970 1906 1099 1941 mur.
1148 1891 1252 1939 Per
1282 1889 1517 1938 eumdem
1549 1889 1658 1938 Do·

970 1963 1165 2009 minum
1197 1970 1446 2009 nostrum.

1074 2067 1175 2115 Die
1197 2068 1273 2116 21.
1295 2067 1555 2115 Octobris,

229 2128 360 2175 riam
403 2128 464 2189 ei,
509 2127 628 2190 quia
665 2126 916 2178 mmmm
972 2138 1067 2191 Ss.
1094 2138 1328 2191 Ursulae
1355 2146 1404 2184 et
1425 2137 1655 2190 Sociar.

937 2281 992 2548 i

976 2489 1124 2534 dibus
1149 2489 1213 2534 ad
1236 2487 1564 2534 Benedictus.

1030 754 1208 801 Oratio
1231 761 1286 800 ut
1307 754 1372 801 ad
1399 754 1560 802 Laud.

1044 928 1048 930 γ
1075 873 1174 920 Die
1200 873 1273 937 16.
1298 871 1555 921 Octobris.

969 952 1145 1025 Beati
1152 951 1400 1004 Gerardi
1408 950 1659 1013 Majella

1239 1025 1387 1073 Conf.

1103 1106 1323 1167 Duplex.
1344 1106 1520 1163 majus.

1220 1185 1413 1233 Oratio.

1128 2209 1270 2267 virg.
1296 2215 1343 2254 et
1365 2208 1518 2258 Mart.

1211 2287 1432 2348 Duplex.

320 2405 345 2428 η
526 2411 536 2421 ‚
1037 2369 1098 2414 In
1144 2367 1371 2425 utrisque
1417 2367 1521 2412 Ves
1563 2366 1667 2413 eris

299 2409 361 2460 ἶν-
389 2409 562 2470 Εῑέὲἰῖ
606 2426 718 2461 eam
759 2414 918 2471 Deus,
975 2428 1036 2472 ad
1058 2426 1370 2486 Magnificat‚
1391 2427 1510 2471 etin
1579 2441 1668 2473 au-

231 2479 279 2518 et
302 2477 568 2536 praeelegit
591 2494 721 2528 eam.
771 2482 831 2540 Rae.
857 2481 919 2529 In

1074 1273 1181 1319 euti,
1216 1258 1304 1320 qui
1324 1256 1528 1305 beatum
1554 1256 1656 1305 Ge—

1108 1328 1319 1375 rardum
1342 1342 1370 1374 a
1391 1326 1659 1388 juventute
