1954 2779
592 207 859 253 Dominiea
888 209 933 252 in
960 209 1360 267 septuagesima.

265 316 418 363 luna:
485 313 515 345 ’¹‘
578 313 781 361 laudate
842 330 956 362 eum

265 399 450 433 omnes
478 383 655 441 stellae‚
690 393 737 431 et
769 385 953 434 lumen.

332 455 569 503 Laudate
587 468 701 501 eum
720 454 836 502 coeli
857 470 955 502 eoe-

268 526 465 573 lorum:
486 524 515 555 *
533 533 581 571 et
599 538 745 584 aquae
763 540 952 586 omnes,

263 609 387 656 quae
426 608 584 656 super
622 595 779 641 eoelos
822 606 955 655 sunt,

266 666 479 712 laudent
512 678 697 710 nomen
727 664 954 713 Domini.

333 735 467 794 Quia
489 734 600 794 ipse
627 733 769 794 dixit,
804 744 852 782 et
882 735 955 782 fa-

266 814 350 852 eta
384 811 529 850 sunt:
553 803 582 835 ’¹‘
606 805 717 864 ipse
748 805 954 852 manda-

265 876 357 935 vit,
385 882 434 920 et
460 875 629 920 ereata
654 882 785 921 sunt.

330 943 524 994 Statuit
542 958 598 990 ea
620 945 674 991 in
693 945 952 1004 aeternum,

262 1025 314 1063 et
337 1017 393 1062 in
420 1015 665 1062 saeculum
698 1015 896 1062 sa'eculi:
923 1015 952 1047 ’¹‘

267 1086 586 1148 praeeeptum
644 1087 838 1147 posuit,
906 1095 953 1133 et

264 1171 371 1202 non
397 1156 694 1216 praeteribit.

328 1225 561 1272 Laudate
584 1226 864 1274 Dominum
892 1228 951 1274 de

263 1306 417 1354 terra,
455 1295 484 1327 ’¹‘
517 1296 787 1357 dracones,
823 1306 871 1345 et
900 1313 951 1345 o-

265 1379 412 1415 mnes
436 1366 626 1427 abyssi.

327 1439 473 1500 Ignis
486 1476 497 1498 ‚
562 1440 779 1500 grando,
846 1441 949 1500 nix,

264 1508 482 1569 glacieS,
515 1509 729 1570 spiritus
754 1510 950 1571 procel·
979 1533 980 1546 κ

265 1578 460 1626 latum:
512 1580 541 1612 *
590 1593 704 1640 quae
755 1580 950 1627 faciunt

268 1649 484 1697 verbum
506 1651 640 1707 eius:

328 1719 546 1779 Montes,
575 1728 623 1767 et
647 1734 822 1766 omnes
847 1721 949 1768 eol-
979 1721 980 1734 ¹

265 1788 365 1836 les:
391 1789 578 1850 *ligna
596 1789 876 1850 fructifera,
901 1798 949 1837 et

264 1874 441 1906 omnes
467 1860 620 1907 cedri.

326 1930 528 1989 Bestiae,
543 1939 592 1977 et
605 1931 847 1978 universa
863 1932 948 1993 pe-

262 2015 408 2047 cora:
434 2000 464 2032 ‘¹‘
483 2001 761 2062 serpentes,
786 2010 835 2048 et
859 2002 948 2049 vo-

261 2070 431 2117 lucres
453 2072 716 2131 pennatae:

322 2140 493 2201 Reges
509 2149 675 2200 terrae,
705 2149 752 2188 et
772 2156 946 2188 omnes

262 2210 466 2271 populi,
502 2210 532 2243 ³¹⁵
568 2211 850 2273 priucipes‚
899 2220 947 2258 et

262 2294 438 2327 omnes
461 2280 655 2339 jndices
676 2289 841 2329 terrae.

322 2350 578 2410 Jl'ivenes,
612 2359 659 2398 et
694 2352 945 2412 virgines:

262 2432 406 2466 senes

260 2488 469 2537 laudent
498 2490 685 2538 nomen
708 2491 943 2539 Domini:

475 2435 592 2467 eum
657 2421 945 2480 junioribus
976 2445 977 2450 =

1608 208 1696 255 195

1011 317 1040 349 ’¹‘
1059 319 1180 377 quia
1204 317 1483 366 exaltatum
1506 328 1584 366 est
1604 335 1695 369 no·

1011 402 1125 434 rnen
1148 388 1256 448 ejus
1281 388 1457 437 solius,

1073 458 1347 506 Confessio
1390 460 1497 519 ejus
1540 475 1695 523 super

985 588 986 597 ἵ
1010 528 1209 588 coeIum,
1227 536 1275 576 et
1289 538 1497 578 terram:
1511 532 1601 578 *et
1616 546 1695 579 ex-

1009 598 1189 645 altavit
1207 614 1367 647 cornu
1391 601 1572 662 populi
1596 604 1693 652 sui.

983 688 984 695 ¹
1070 668 1313 730 Hymnus
1324 670 1562 719 omnibus
1577 687 1692 720 san-

1009 738 1105 783 ctis
1137 739 1269 796 ejus:
1295 740 1325 771 ³¹⁸
1353 740 1479 787 filiis
1512 742 1688 803 Israel,

1008 808 1201 868 populo
1252 812 1689 872 appropinquami

983 932 984 945 χ
1008 877 1122 925 sibi.

1079 952 1175 996 Hie
1194 966 1291 996 non
1314 952 1689 1000 dieiturGloria

1008 1015 1166 1063 Patri.

1175 1090 1410 1134 Psalmus
1443 1093 1539 1135 1420.

981 1126 984 1191 Ι
1018 1159 1261 1282 Cantate
1302 1157 1528 1207 Domino
1575 1161 1691 1207 edn-

1113 1228 1269 1275 ticum
1293 1244 1509 1278 novum:
1530 1231 1560 1262 '¹‘
1577 1231 1689 1278 laus

1006 1298 1113 1358 ejus
1146 1298 1199 1345 in
1234 1300 1447 1348 ecclesia
1490 1302 1688 1349 sancto—

979 1378 982 1436 ζ
1005 1384 1134 1417 rum.

1067 1442 1295 1488 Laetetur
1327 1442 1488 1491 Israel
1525 1444 1577 1491 in
1613 1457 1687 1501 eo,

1006 1512 1092 1572 qui
1126 1511 1247 1559 feeit
1280 1526 1419 1560 eum:
1450 1514 1479 1546 ’⁵‘
1508 1520 1555 1560 et
1588 1512 1687 1561 filii

1006 1582 1130 1630 Sion
1172 1582 1427 1629 exsl'iltent
1474 1584 1528 1629 in
1571 1598 1688 1644 rege

979 1691 980 1700 ,
1005 1665 1113 1699 su0.

979 1703 980 1716 ἵ
1065 1721 1300 1768 Laudent
1345 1734 1532 1766 nomen
1581 1721 1686 1780 ejus

1003 1791 1056 1837 in
1080 1791 1264 1838 choro:
1289 1789 1318 1821 *
1343 1791 1395 1836 in
1425 1790 1685 1852 tympano,

979 1869 1050 1907 'et
1077 1861 1321 1922 psalterio
1356 1860 1580 1922 psallant
1613 1862 1684 1909 ei:

1062 1932 1197 1990 Quia<
1211 1931 1591 1992 beneplacitum
1610 1942 1685 1979 est

1001 2001 1225 2048 Domino
1256 2002 1310 2047 in
1337 2001 1531 2062 populo
1565 2015 1683 2049 suo:

1002 2072 1031 2104 ’⁵‘
1050 2081 1097 2118 et
1121 2072 1367 2118 exaltabit
1390 2073 1685 2119 mansuetos

979 2193 980 2200 χ
1000 2142 1054 2188 in
1078 2141 1307 2189 saltitem.

1061 2211 1413 2259 Exsultabunt
1435 2213 1599 2258 saneti
1629 2213 1682 2259 in

1000 2281 1189 2341 gloria:
1224 2281 1253 2312 '¹‘
1284 2280 1596 2329 laetabt'mtur
1627 2283 1682 2330 in

1002 2350 1261 2398 cubilibus
1289 2353 1411 2400 suis,

1060 2422 1413 2470 Exaltationes
1467 2423 1566 2470 Dei
1628 2422 1684 2467 in

974 2503 977 2558 j
999 2491 1203 2553 glitture
1226 2492 1425 2539 eorum:
1451 2492 1481 2523 ’¹‘
1506 2499 1555 2536 et
1577 2490 1683 2550 gla-

1373 2634 1473 2682 13*
