<?xml version="1.0" encoding="UTF-8"?>
<!DOCTYPE html PUBLIC "-//W3C//DTD XHTML 1.0 Transitional//EN"
    "http://www.w3.org/TR/xhtml1/DTD/xhtml1-transitional.dtd">
<html xmlns="http://www.w3.org/1999/xhtml" xml:lang="en" lang="en">
 <head>
  <title>
</title>
<meta http-equiv="Content-Type" content="text/html;charset=utf-8" />
  <meta name='ocr-system' content='tesseract 3.04.00' />
  <meta name='ocr-capabilities' content='ocr_page ocr_carea ocr_par ocr_line ocrx_word'/>
</head>
<body>
  <div class='ocr_page' id='page_1' title='image "./horaediurnaebre00unkngoog_0905.png"; bbox 0 0 1954 2779; ppageno 0'>
   <div class='ocr_carea' id='block_1_1' title="bbox 714 223 1248 273">
    <p class='ocr_par' dir='ltr' id='par_1_1' title="bbox 714 223 1248 273">
     <span class='ocr_line' id='line_1_1' title="bbox 714 223 1248 273; baseline 0.007 -5"><span class='ocrx_word' id='word_1_1' title='bbox 714 223 811 269; x_wconf 88' lang='lat' dir='ltr'><strong>Die</strong></span> <span class='ocrx_word' id='word_1_2' title='bbox 836 226 906 271; x_wconf 81' lang='lat'><strong>19.</strong></span> <span class='ocrx_word' id='word_1_3' title='bbox 932 224 1248 273; x_wconf 76' lang='lat' dir='ltr'><strong>Decembris,</strong></span> 
     </span>
    </p>
   </div>
   <div class='ocr_carea' id='block_1_2' title="bbox 281 330 964 394">
    <p class='ocr_par' dir='ltr' id='par_1_2' title="bbox 281 330 964 394">
     <span class='ocr_line' id='line_1_2' title="bbox 281 330 964 394; baseline 0.006 -17"><span class='ocrx_word' id='word_1_4' title='bbox 281 330 448 377; x_wconf 74' lang='lat' dir='ltr'><strong>riatur</strong></span> <span class='ocrx_word' id='word_1_5' title='bbox 472 338 622 391; x_wconf 88' lang='lat' dir='ltr'><strong>terra,</strong></span> <span class='ocrx_word' id='word_1_6' title='bbox 641 339 690 380; x_wconf 87' lang='lat' dir='ltr'><strong>et</strong></span> <span class='ocrx_word' id='word_1_7' title='bbox 716 333 964 394; x_wconf 73' lang='lat' dir='ltr'><strong>germinet</strong></span> 
     </span>
    </p>
   </div>
   <div class='ocr_carea' id='block_1_3' title="bbox 280 400 965 520">
    <p class='ocr_par' dir='ltr' id='par_1_3' title="bbox 280 400 965 520">
     <span class='ocr_line' id='line_1_3' title="bbox 280 400 965 454; baseline 0.001 -4"><span class='ocrx_word' id='word_1_8' title='bbox 280 400 620 451; x_wconf 81' lang='lat' dir='ltr'><strong>Salvatorem.</strong></span> <span class='ocrx_word' id='word_1_9' title='bbox 661 402 744 451; x_wconf 89' lang='lat' dir='ltr'><strong>Et.</strong></span> <span class='ocrx_word' id='word_1_10' title='bbox 782 403 965 454; x_wconf 79' lang='lat' dir='ltr'><strong>Gloria</strong></span> 
     </span>
     <span class='ocr_line' id='line_1_4' title="bbox 280 471 688 520; baseline 0 0"><span class='ocrx_word' id='word_1_11' title='bbox 280 471 442 520; x_wconf 87' lang='lat' dir='ltr'><strong>Patri.</strong></span> <span class='ocrx_word' id='word_1_12' title='bbox 477 471 688 520; x_wconf 71' lang='lat' dir='ltr'><strong>Rorate.</strong></span> 
     </span>
    </p>
   </div>
   <div class='ocr_carea' id='block_1_4' title="bbox 1576 226 1704 292">
    <p class='ocr_par' dir='ltr' id='par_1_4' title="bbox 1576 226 1704 292">
     <span class='ocr_line' id='line_1_5' title="bbox 1576 226 1704 292; baseline 0.023 -18"><span class='ocrx_word' id='word_1_13' title='bbox 1576 226 1704 292; x_wconf 86' lang='lat'>[161]</span> 
     </span>
    </p>
   </div>
   <div class='ocr_carea' id='block_1_5' title="bbox 1019 337 1699 541">
    <p class='ocr_par' dir='ltr' id='par_1_5' title="bbox 1019 337 1699 541">
     <span class='ocr_line' id='line_1_6' title="bbox 1079 337 1696 402; baseline 0.011 -19"><span class='ocrx_word' id='word_1_14' title='bbox 1079 337 1268 385; x_wconf 87' lang='lat' dir='ltr'><strong>Psalm.</strong></span> <span class='ocrx_word' id='word_1_15' title='bbox 1298 338 1578 388; x_wconf 75' lang='lat' dir='ltr'><strong>Memento,</strong></span> <span class='ocrx_word' id='word_1_16' title='bbox 1602 341 1696 402; x_wconf 81' lang='lat'>[29]</span> 
     </span>
     <span class='ocr_line' id='line_1_7' title="bbox 1079 408 1693 469; baseline 0.008 -14"><span class='ocrx_word' id='word_1_17' title='bbox 1079 408 1161 455; x_wconf 85' lang='lat' dir='ltr'><strong>Ad</strong></span> <span class='ocrx_word' id='word_1_18' title='bbox 1214 409 1428 469; x_wconf 84' lang='lat' dir='ltr'><strong>Magnif.</strong></span> <span class='ocrx_word' id='word_1_19' title='bbox 1471 413 1590 458; x_wconf 87' lang='lat' dir='ltr'><strong>Ant.</strong></span> <span class='ocrx_word' id='word_1_20' title='bbox 1651 414 1693 461; x_wconf 86' lang='lat' dir='ltr'>O</span> 
     </span>
     <span class='ocr_line' id='line_1_8' title="bbox 1019 474 1699 541; baseline 0.01 -18"><span class='ocrx_word' id='word_1_21' title='bbox 1019 474 1182 536; x_wconf 86' lang='lat' dir='ltr'><strong>Virgo</strong></span> <span class='ocrx_word' id='word_1_22' title='bbox 1233 477 1515 539; x_wconf 83' lang='lat' dir='ltr'><strong>virginum,</strong></span> <span class='ocrx_word' id='word_1_23' title='bbox 1571 482 1699 541; x_wconf 81' lang='lat' dir='ltr'><strong>quo-</strong></span> 
     </span>
    </p>
   </div>
   <div class='ocr_carea' id='block_1_6' title="bbox 278 540 1702 682">
    <p class='ocr_par' dir='ltr' id='par_1_6' title="bbox 278 540 1702 682">
     <span class='ocr_line' id='line_1_9' title="bbox 340 540 1702 611; baseline 0.007 -20"><span class='ocrx_word' id='word_1_24' title='bbox 340 546 407 598; x_wconf 62' lang='grc' dir='ltr'><strong>Υ.</strong></span> <span class='ocrx_word' id='word_1_25' title='bbox 434 540 627 590; x_wconf 77' lang='lat' dir='ltr'>Emitte</span> <span class='ocrx_word' id='word_1_26' title='bbox 648 557 836 605; x_wconf 87' lang='lat' dir='ltr'><strong>agnum</strong></span> <span class='ocrx_word' id='word_1_27' title='bbox 856 543 964 592; x_wconf 79' lang='lat' dir='ltr'><strong>Do·</strong></span> <span class='ocrx_word' id='word_1_28' title='bbox 1016 545 1170 593; x_wconf 91' lang='lat' dir='ltr'><strong>modo</strong></span> <span class='ocrx_word' id='word_1_29' title='bbox 1184 545 1271 593; x_wconf 90' lang='lat' dir='ltr'><strong>fiet</strong></span> <span class='ocrx_word' id='word_1_30' title='bbox 1285 547 1457 596; x_wconf 80' lang='lat' dir='ltr'><strong>istud?</strong></span> <span class='ocrx_word' id='word_1_31' title='bbox 1471 551 1592 611; x_wconf 90' lang='lat' dir='ltr'><strong>quia</strong></span> <span class='ocrx_word' id='word_1_32' title='bbox 1607 566 1702 600; x_wconf 88' lang='lat' dir='ltr'><strong>nec</strong></span> 
     </span>
     <span class='ocr_line' id='line_1_10' title="bbox 278 613 1697 682; baseline 0.006 -22"><span class='ocrx_word' id='word_1_33' title='bbox 278 613 417 661; x_wconf 88' lang='lat' dir='ltr'><strong>mine</strong></span> <span class='ocrx_word' id='word_1_34' title='bbox 455 613 829 661; x_wconf 79' lang='lat' dir='ltr'><strong>dominatorem</strong></span> <span class='ocrx_word' id='word_1_35' title='bbox 867 622 964 661; x_wconf 87' lang='lat' dir='ltr'><strong>ter·</strong></span> <span class='ocrx_word' id='word_1_36' title='bbox 1017 615 1236 676; x_wconf 89' lang='lat' dir='ltr'><strong>primam</strong></span> <span class='ocrx_word' id='word_1_37' title='bbox 1258 616 1480 666; x_wconf 84' lang='lat' dir='ltr'>similem</span> <span class='ocrx_word' id='word_1_38' title='bbox 1497 621 1609 668; x_wconf 85' lang='lat' dir='ltr'><strong>visa</strong></span> <span class='ocrx_word' id='word_1_39' title='bbox 1628 635 1697 682; x_wconf 86' lang='lat' dir='ltr'><strong>eS,</strong></span> 
     </span>
    </p>
   </div>
   <div class='ocr_carea' id='block_1_7' title="bbox 267 683 963 2448">
    <p class='ocr_par' dir='ltr' id='par_1_7' title="bbox 278 683 963 1393">
     <span class='ocr_line' id='line_1_11' title="bbox 278 683 963 745; baseline 0.004 -15"><span class='ocrx_word' id='word_1_40' title='bbox 278 697 368 732; x_wconf 89' lang='lat' dir='ltr'><strong>rae.</strong></span> <span class='ocrx_word' id='word_1_41' title='bbox 398 685 462 745; x_wconf 64' lang='lat' dir='ltr'><strong>Rz.</strong></span> <span class='ocrx_word' id='word_1_42' title='bbox 492 683 573 731; x_wconf 87' lang='lat' dir='ltr'><strong>De</strong></span> <span class='ocrx_word' id='word_1_43' title='bbox 594 684 749 732; x_wconf 86' lang='lat' dir='ltr'><strong>Petra</strong></span> <span class='ocrx_word' id='word_1_44' title='bbox 774 685 963 733; x_wconf 75' lang='lat' dir='ltr'><strong>deserti</strong></span> 
     </span>
     <span class='ocr_line' id='line_1_12' title="bbox 279 754 910 805; baseline -0.003 -1"><span class='ocrx_word' id='word_1_45' title='bbox 279 755 345 804; x_wconf 90' lang='lat' dir='ltr'><strong>ad</strong></span> <span class='ocrx_word' id='word_1_46' title='bbox 367 761 593 802; x_wconf 88' lang='lat' dir='ltr'><strong>montem</strong></span> <span class='ocrx_word' id='word_1_47' title='bbox 615 754 742 802; x_wconf 84' lang='lat' dir='ltr'><strong>fssiae</strong></span> <span class='ocrx_word' id='word_1_48' title='bbox 765 755 910 805; x_wconf 86' lang='lat' dir='ltr'><strong>Sion.</strong></span> 
     </span>
     <span class='ocr_line' id='line_1_13' title="bbox 466 836 788 876; baseline 0 -2"><span class='ocrx_word' id='word_1_49' title='bbox 466 837 539 874; x_wconf 79' lang='lat' dir='ltr'><strong>Ad</strong></span> <span class='ocrx_word' id='word_1_50' title='bbox 575 836 788 876; x_wconf 81' lang='lat' dir='ltr'><strong>Nonam.</strong></span> 
     </span>
     <span class='ocr_line' id='line_1_14' title="bbox 339 903 890 964; baseline 0.004 -13"><span class='ocrx_word' id='word_1_51' title='bbox 339 903 501 964; x_wconf 84' lang='lat' dir='ltr'><strong>Capit.</strong></span> <span class='ocrx_word' id='word_1_52' title='bbox 612 905 732 952; x_wconf 83' lang='lat' dir='ltr'><strong>Isai.</strong></span> <span class='ocrx_word' id='word_1_53' title='bbox 749 907 822 953; x_wconf 78' lang='lat'><strong>45.</strong></span> <span class='ocrx_word' id='word_1_54' title='bbox 844 907 890 953; x_wconf 91' lang='lat' dir='ltr'><strong>b.</strong></span> 
     </span>
     <span class='ocr_line' id='line_1_15' title="bbox 382 981 960 1045; baseline 0.003 -17"><span class='ocrx_word' id='word_1_55' title='bbox 382 981 523 1028; x_wconf 71' lang='lat' dir='ltr'><strong>orate</strong></span> <span class='ocrx_word' id='word_1_56' title='bbox 567 981 682 1029; x_wconf 88' lang='lat' dir='ltr'><strong>coeli</strong></span> <span class='ocrx_word' id='word_1_57' title='bbox 726 982 960 1045; x_wconf 72' lang='lat' dir='ltr'><strong>desuper,</strong></span> 
     </span>
     <span class='ocr_line' id='line_1_16' title="bbox 285 984 961 1114; baseline 0.004 -17"><span class='ocrx_word' id='word_1_58' title='bbox 285 984 377 1105; x_wconf 81' lang='lat' dir='ltr'>R</span> <span class='ocrx_word' id='word_1_59' title='bbox 401 1058 451 1098; x_wconf 88' lang='lat' dir='ltr'><strong>et</strong></span> <span class='ocrx_word' id='word_1_60' title='bbox 482 1051 646 1098; x_wconf 89' lang='lat' dir='ltr'><strong>nubes</strong></span> <span class='ocrx_word' id='word_1_61' title='bbox 677 1051 858 1114; x_wconf 87' lang='lat' dir='ltr'><strong>pluant</strong></span> <span class='ocrx_word' id='word_1_62' title='bbox 885 1052 961 1113; x_wconf 87' lang='lat' dir='ltr'><strong>ju-</strong></span> 
     </span>
     <span class='ocr_line' id='line_1_17' title="bbox 279 1122 960 1183; baseline 0.007 -16"><span class='ocrx_word' id='word_1_63' title='bbox 279 1128 443 1168; x_wconf 83' lang='lat' dir='ltr'><strong>stum:</strong></span> <span class='ocrx_word' id='word_1_64' title='bbox 497 1122 757 1183; x_wconf 70' lang='lat' dir='ltr'><strong>aperiatur</strong></span> <span class='ocrx_word' id='word_1_65' title='bbox 810 1132 960 1183; x_wconf 88' lang='lat' dir='ltr'><strong>terra,</strong></span> 
     </span>
     <span class='ocr_line' id='line_1_18' title="bbox 281 1191 956 1254; baseline 0.009 -18"><span class='ocrx_word' id='word_1_66' title='bbox 281 1197 331 1236; x_wconf 85' lang='lat' dir='ltr'><strong>et</strong></span> <span class='ocrx_word' id='word_1_67' title='bbox 354 1191 603 1251; x_wconf 74' lang='lat' dir='ltr'><strong>germinet</strong></span> <span class='ocrx_word' id='word_1_68' title='bbox 620 1192 956 1254; x_wconf 81' lang='lat' dir='ltr'><strong>Salvatorem,</strong></span> 
     </span>
     <span class='ocr_line' id='line_1_19' title="bbox 278 1258 959 1318; baseline 0.009 -12"><span class='ocrx_word' id='word_1_69' title='bbox 278 1267 328 1306; x_wconf 90' lang='lat' dir='ltr'><strong>et</strong></span> <span class='ocrx_word' id='word_1_70' title='bbox 351 1258 543 1318; x_wconf 84' lang='lat' dir='ltr'><strong>justitia</strong></span> <span class='ocrx_word' id='word_1_71' title='bbox 563 1262 761 1309; x_wconf 75' lang='lat' dir='ltr'><strong>oriatur</strong></span> <span class='ocrx_word' id='word_1_72' title='bbox 776 1264 959 1312; x_wconf 89' lang='lat' dir='ltr'><strong>simul:</strong></span> 
     </span>
     <span class='ocr_line' id='line_1_20' title="bbox 279 1329 862 1393; baseline 0.009 -17"><span class='ocrx_word' id='word_1_73' title='bbox 279 1343 374 1393; x_wconf 83' lang='lat' dir='ltr'><strong>ego</strong></span> <span class='ocrx_word' id='word_1_74' title='bbox 396 1329 511 1376; x_wconf 76' lang='lat' dir='ltr'><strong>Dfis</strong></span> <span class='ocrx_word' id='word_1_75' title='bbox 536 1331 709 1379; x_wconf 74' lang='lat' dir='ltr'><strong>creavi</strong></span> <span class='ocrx_word' id='word_1_76' title='bbox 733 1345 862 1381; x_wconf 91' lang='lat' dir='ltr'><strong>eum.</strong></span> 
     </span>
    </p>

    <p class='ocr_par' dir='ltr' id='par_1_8' title="bbox 271 1401 962 1871">
     <span class='ocr_line' id='line_1_21' title="bbox 332 1401 959 1466; baseline 0.003 -15"><span class='ocrx_word' id='word_1_77' title='bbox 332 1405 400 1465; x_wconf 71' lang='lat' dir='ltr'><strong>R».</strong></span> <span class='ocrx_word' id='word_1_78' title='bbox 424 1405 499 1454; x_wconf 88' lang='lat' dir='ltr'><strong>br.</strong></span> <span class='ocrx_word' id='word_1_79' title='bbox 542 1401 733 1450; x_wconf 81' lang='lat' dir='ltr'><strong>Emitte</strong></span> <span class='ocrx_word' id='word_1_80' title='bbox 755 1404 959 1466; x_wconf 87' lang='lat' dir='ltr'><strong>Agnum</strong></span> 
     </span>
     <span class='ocr_line' id='line_1_22' title="bbox 280 1471 961 1523; baseline 0.006 -4"><span class='ocrx_word' id='word_1_81' title='bbox 280 1471 505 1519; x_wconf 80' lang='lat' dir='ltr'><strong>Domine</strong></span> <span class='ocrx_word' id='word_1_82' title='bbox 521 1479 549 1509; x_wconf 83' lang='grc'>*</span> <span class='ocrx_word' id='word_1_83' title='bbox 573 1471 961 1523; x_wconf 81' lang='lat' dir='ltr'><strong>Dominatorem</strong></span> 
     </span>
     <span class='ocr_line' id='line_1_23' title="bbox 275 1542 962 1602; baseline 0.004 -12"><span class='ocrx_word' id='word_1_84' title='bbox 275 1551 438 1592; x_wconf 87' lang='lat' dir='ltr'><strong>terrae.</strong></span> <span class='ocrx_word' id='word_1_85' title='bbox 455 1542 663 1592; x_wconf 77' lang='lat' dir='ltr'><strong>Emitte.</strong></span> <span class='ocrx_word' id='word_1_86' title='bbox 682 1548 746 1602; x_wconf 67' lang='lat' dir='ltr'><strong>V.</strong></span> <span class='ocrx_word' id='word_1_87' title='bbox 775 1545 856 1593; x_wconf 87' lang='lat' dir='ltr'><strong>De</strong></span> <span class='ocrx_word' id='word_1_88' title='bbox 871 1545 962 1593; x_wconf 87' lang='lat' dir='ltr'><strong>Pe·</strong></span> 
     </span>
     <span class='ocr_line' id='line_1_24' title="bbox 274 1614 958 1663; baseline 0.003 -2"><span class='ocrx_word' id='word_1_89' title='bbox 274 1622 354 1662; x_wconf 87' lang='lat' dir='ltr'><strong>tra</strong></span> <span class='ocrx_word' id='word_1_90' title='bbox 396 1614 585 1663; x_wconf 78' lang='lat' dir='ltr'><strong>deserti</strong></span> <span class='ocrx_word' id='word_1_91' title='bbox 626 1615 691 1662; x_wconf 89' lang='lat' dir='ltr'><strong>ad</strong></span> <span class='ocrx_word' id='word_1_92' title='bbox 732 1624 958 1663; x_wconf 91' lang='lat' dir='ltr'><strong>montem</strong></span> 
     </span>
     <span class='ocr_line' id='line_1_25' title="bbox 271 1684 957 1734; baseline 0 -3"><span class='ocrx_word' id='word_1_93' title='bbox 271 1684 398 1732; x_wconf 83' lang='lat' dir='ltr'><strong>filiae</strong></span> <span class='ocrx_word' id='word_1_94' title='bbox 412 1684 556 1734; x_wconf 87' lang='lat' dir='ltr'><strong>Sion.</strong></span> <span class='ocrx_word' id='word_1_95' title='bbox 566 1685 957 1733; x_wconf 81' lang='lat' dir='ltr'><strong>Dominatorem</strong></span> 
     </span>
     <span class='ocr_line' id='line_1_26' title="bbox 276 1754 957 1804; baseline 0.004 -5"><span class='ocrx_word' id='word_1_96' title='bbox 276 1761 441 1803; x_wconf 87' lang='lat' dir='ltr'><strong>terrae.</strong></span> <span class='ocrx_word' id='word_1_97' title='bbox 469 1754 655 1804; x_wconf 81' lang='lat' dir='ltr'><strong>Gloria</strong></span> <span class='ocrx_word' id='word_1_98' title='bbox 685 1754 847 1802; x_wconf 90' lang='lat' dir='ltr'><strong>Patri.</strong></span> <span class='ocrx_word' id='word_1_99' title='bbox 889 1755 957 1802; x_wconf 84' lang='lat' dir='ltr'><strong>E-</strong></span> 
     </span>
     <span class='ocr_line' id='line_1_27' title="bbox 277 1822 436 1871; baseline 0 0"><span class='ocrx_word' id='word_1_100' title='bbox 277 1822 436 1871; x_wconf 84' lang='lat' dir='ltr'><strong>mitte.</strong></span> 
     </span>
    </p>

    <p class='ocr_par' dir='ltr' id='par_1_9' title="bbox 267 1894 960 2152">
     <span class='ocr_line' id='line_1_28' title="bbox 333 1894 960 1955; baseline -0.008 -9"><span class='ocrx_word' id='word_1_101' title='bbox 333 1894 398 1946; x_wconf 72' lang='lat' dir='ltr'><strong>V.</strong></span> <span class='ocrx_word' id='word_1_102' title='bbox 423 1894 648 1955; x_wconf 76' lang='lat' dir='ltr'><strong>Spiritus</strong></span> <span class='ocrx_word' id='word_1_103' title='bbox 659 1902 868 1942; x_wconf 88' lang='lat' dir='ltr'><strong>sanctus</strong></span> <span class='ocrx_word' id='word_1_104' title='bbox 880 1908 960 1941; x_wconf 88' lang='lat' dir='ltr'><strong>su-</strong></span> 
     </span>
     <span class='ocr_line' id='line_1_29' title="bbox 269 1964 956 2030; baseline 0.001 -19"><span class='ocrx_word' id='word_1_105' title='bbox 269 1964 536 2025; x_wconf 79' lang='lat' dir='ltr'><strong>perveniet</strong></span> <span class='ocrx_word' id='word_1_106' title='bbox 566 1966 622 2012; x_wconf 89' lang='lat' dir='ltr'><strong>in</strong></span> <span class='ocrx_word' id='word_1_107' title='bbox 654 1973 718 2013; x_wconf 86' lang='lat' dir='ltr'><strong>te.</strong></span> <span class='ocrx_word' id='word_1_108' title='bbox 780 1969 842 2030; x_wconf 54' lang='lat' dir='ltr'><strong>R„</strong></span> <span class='ocrx_word' id='word_1_109' title='bbox 887 1965 956 2013; x_wconf 88' lang='lat' dir='ltr'><strong>Et</strong></span> 
     </span>
     <span class='ocr_line' id='line_1_30' title="bbox 268 2034 946 2083; baseline 0.004 -3"><span class='ocrx_word' id='word_1_110' title='bbox 268 2034 440 2081; x_wconf 82' lang='lat' dir='ltr'><strong>virtus</strong></span> <span class='ocrx_word' id='word_1_111' title='bbox 473 2034 726 2082; x_wconf 85' lang='lat' dir='ltr'><strong>Altissimi</strong></span> <span class='ocrx_word' id='word_1_112' title='bbox 769 2035 946 2083; x_wconf 92' lang='lat' dir='ltr'><strong>obum-</strong></span> 
     </span>
     <span class='ocr_line' id='line_1_31' title="bbox 267 2102 581 2152; baseline 0.003 -1"><span class='ocrx_word' id='word_1_113' title='bbox 267 2102 443 2151; x_wconf 72' lang='lat' dir='ltr'><strong>brabit</strong></span> <span class='ocrx_word' id='word_1_114' title='bbox 465 2104 581 2152; x_wconf 89' lang='lat' dir='ltr'><strong>tibi.</strong></span> 
     </span>
    </p>

    <p class='ocr_par' dir='ltr' id='par_1_10' title="bbox 381 2184 842 2247">
     <span class='ocr_line' id='line_1_32' title="bbox 381 2184 842 2247; baseline 0.004 -16"><span class='ocrx_word' id='word_1_115' title='bbox 381 2184 446 2231; x_wconf 87' lang='lat' dir='ltr'><strong>In</strong></span> <span class='ocrx_word' id='word_1_116' title='bbox 476 2184 543 2232; x_wconf 92' lang='lat'><strong>11.</strong></span> <span class='ocrx_word' id='word_1_117' title='bbox 566 2186 842 2247; x_wconf 77' lang='lat' dir='ltr'><strong>vesperis.</strong></span> 
     </span>
    </p>

    <p class='ocr_par' dir='ltr' id='par_1_11' title="bbox 268 2265 955 2448">
     <span class='ocr_line' id='line_1_33' title="bbox 334 2265 949 2328; baseline 0.002 -14"><span class='ocrx_word' id='word_1_118' title='bbox 334 2265 520 2314; x_wconf 87' lang='lat' dir='ltr'><strong>Omnia</strong></span> <span class='ocrx_word' id='word_1_119' title='bbox 554 2275 608 2313; x_wconf 90' lang='lat' dir='ltr'><strong>ut</strong></span> <span class='ocrx_word' id='word_1_120' title='bbox 640 2269 693 2314; x_wconf 91' lang='lat' dir='ltr'><strong>in</strong></span> <span class='ocrx_word' id='word_1_121' title='bbox 727 2269 768 2315; x_wconf 90' lang='grc' dir='ltr'><strong>Ι.</strong></span> <span class='ocrx_word' id='word_1_122' title='bbox 793 2268 949 2328; x_wconf 76' lang='lat' dir='ltr'><strong>Vesp.</strong></span> 
     </span>
     <span class='ocr_line' id='line_1_34' title="bbox 268 2329 948 2388; baseline 0.003 -14"><span class='ocrx_word' id='word_1_123' title='bbox 268 2337 454 2387; x_wconf 85' lang='lat' dir='ltr'><strong>praeter</strong></span> <span class='ocrx_word' id='word_1_124' title='bbox 499 2329 541 2375; x_wconf 86' lang='lat'><strong>5.</strong></span> <span class='ocrx_word' id='word_1_125' title='bbox 590 2330 708 2376; x_wconf 88' lang='lat' dir='ltr'><strong>Ant.</strong></span> <span class='ocrx_word' id='word_1_126' title='bbox 754 2338 802 2375; x_wconf 86' lang='lat' dir='ltr'><strong>et</strong></span> <span class='ocrx_word' id='word_1_127' title='bbox 846 2330 948 2388; x_wconf 65' lang='lat' dir='ltr'><strong>Ps„</strong></span> 
     </span>
     <span class='ocr_line' id='line_1_35' title="bbox 270 2389 955 2448; baseline 0.004 -15"><span class='ocrx_word' id='word_1_128' title='bbox 270 2389 412 2448; x_wconf 84' lang='lat' dir='ltr'><strong>cujus</strong></span> <span class='ocrx_word' id='word_1_129' title='bbox 434 2390 549 2437; x_wconf 89' lang='lat' dir='ltr'><strong>loco</strong></span> <span class='ocrx_word' id='word_1_130' title='bbox 576 2391 698 2438; x_wconf 86' lang='lat' dir='ltr'><strong>dic.:</strong></span> <span class='ocrx_word' id='word_1_131' title='bbox 725 2392 844 2438; x_wconf 88' lang='lat' dir='ltr'><strong>Ant.</strong></span> <span class='ocrx_word' id='word_1_132' title='bbox 870 2391 955 2436; x_wconf 88' lang='lat' dir='ltr'><strong>De</strong></span> 
     </span>
    </p>
   </div>
   <div class='ocr_carea' id='block_1_8' title="bbox 270 2448 952 2573">
    <p class='ocr_par' dir='ltr' id='par_1_12' title="bbox 270 2448 952 2573">
     <span class='ocr_line' id='line_1_36' title="bbox 270 2448 952 2513; baseline 0.006 -18"><span class='ocrx_word' id='word_1_133' title='bbox 270 2448 442 2498; x_wconf 88' lang='lat' dir='ltr'><strong>fructu</strong></span> <span class='ocrx_word' id='word_1_134' title='bbox 461 2453 655 2499; x_wconf 84' lang='lat' dir='ltr'><strong>ventris</strong></span> <span class='ocrx_word' id='word_1_135' title='bbox 672 2452 748 2499; x_wconf 90' lang='lat' dir='ltr'><strong>tui</strong></span> <span class='ocrx_word' id='word_1_136' title='bbox 763 2466 952 2513; x_wconf 90' lang='lat' dir='ltr'><strong>ponam</strong></span> 
     </span>
     <span class='ocr_line' id='line_1_37' title="bbox 270 2513 799 2573; baseline 0.009 -16"><span class='ocrx_word' id='word_1_137' title='bbox 270 2524 427 2573; x_wconf 87' lang='lat' dir='ltr'><strong>super</strong></span> <span class='ocrx_word' id='word_1_138' title='bbox 449 2513 621 2561; x_wconf 84' lang='lat' dir='ltr'><strong>sedem</strong></span> <span class='ocrx_word' id='word_1_139' title='bbox 642 2520 799 2561; x_wconf 88' lang='lat' dir='ltr'><strong>tuam.</strong></span> 
     </span>
    </p>
   </div>
   <div class='ocr_carea' id='block_1_9' title="bbox 370 2665 709 2707">
    <p class='ocr_par' dir='ltr' id='par_1_13' title="bbox 370 2665 709 2707">
     <span class='ocr_line' id='line_1_38' title="bbox 370 2665 709 2707; baseline 0.003 -3"><span class='ocrx_word' id='word_1_140' title='bbox 370 2665 497 2705; x_wconf 80' lang='lat' dir='ltr'><strong>Horoe</strong></span> <span class='ocrx_word' id='word_1_141' title='bbox 522 2667 709 2707; x_wconf 76' lang='lat' dir='ltr'><strong>Diumae.</strong></span> 
     </span>
    </p>
   </div>
   <div class='ocr_carea' id='block_1_10' title="bbox 1015 686 1699 1028">
    <p class='ocr_par' dir='ltr' id='par_1_14' title="bbox 1015 686 1699 1028">
     <span class='ocr_line' id='line_1_39' title="bbox 1016 686 1695 750; baseline 0.012 -18"><span class='ocrx_word' id='word_1_142' title='bbox 1016 698 1110 733; x_wconf 83' lang='lat' dir='ltr'><strong>nec</strong></span> <span class='ocrx_word' id='word_1_143' title='bbox 1152 686 1344 734; x_wconf 72' lang='lat' dir='ltr'><strong>habere</strong></span> <span class='ocrx_word' id='word_1_144' title='bbox 1384 691 1695 750; x_wconf 78' lang='lat' dir='ltr'><strong>sequentem.</strong></span> 
     </span>
     <span class='ocr_line' id='line_1_40' title="bbox 1017 755 1696 822; baseline 0.012 -20"><span class='ocrx_word' id='word_1_145' title='bbox 1017 755 1166 803; x_wconf 87' lang='lat' dir='ltr'><strong>Filiae</strong></span> <span class='ocrx_word' id='word_1_146' title='bbox 1209 756 1525 821; x_wconf 68' lang='lat' dir='ltr'><strong>Jerusalem,</strong></span> <span class='ocrx_word' id='word_1_147' title='bbox 1570 762 1696 822; x_wconf 90' lang='lat' dir='ltr'><strong>quid</strong></span> 
     </span>
     <span class='ocr_line' id='line_1_41' title="bbox 1015 827 1698 880; baseline 0.012 -8"><span class='ocrx_word' id='word_1_148' title='bbox 1015 839 1096 873; x_wconf 85' lang='lat' dir='ltr'><strong>me</strong></span> <span class='ocrx_word' id='word_1_149' title='bbox 1138 827 1495 877; x_wconf 76' lang='lat' dir='ltr'><strong>admiramini?</strong></span> <span class='ocrx_word' id='word_1_150' title='bbox 1549 831 1698 880; x_wconf 84' lang='lat' dir='ltr'><strong>Divi-</strong></span> 
     </span>
     <span class='ocr_line' id='line_1_42' title="bbox 1015 900 1699 961; baseline 0.01 -18"><span class='ocrx_word' id='word_1_151' title='bbox 1015 911 1138 944; x_wconf 90' lang='lat' dir='ltr'><strong>num</strong></span> <span class='ocrx_word' id='word_1_152' title='bbox 1172 905 1247 944; x_wconf 90' lang='lat' dir='ltr'><strong>est</strong></span> <span class='ocrx_word' id='word_1_153' title='bbox 1269 900 1570 961; x_wconf 77' lang='lat' dir='ltr'><strong>mysterium</strong></span> <span class='ocrx_word' id='word_1_154' title='bbox 1601 902 1699 950; x_wconf 92' lang='lat' dir='ltr'><strong>hoc</strong></span> 
     </span>
     <span class='ocr_line' id='line_1_43' title="bbox 1016 967 1406 1028; baseline 0.013 -15"><span class='ocrx_word' id='word_1_155' title='bbox 1016 967 1155 1028; x_wconf 88' lang='lat' dir='ltr'><strong>quod</strong></span> <span class='ocrx_word' id='word_1_156' title='bbox 1180 969 1406 1018; x_wconf 67' lang='lat' dir='ltr'><strong>cernitis„</strong></span> 
     </span>
    </p>
   </div>
   <div class='ocr_carea' id='block_1_11' title="bbox 1015 1038 1691 1150">
    <p class='ocr_par' dir='ltr' id='par_1_15' title="bbox 1015 1038 1691 1150">
     <span class='ocr_line' id='line_1_44' title="bbox 1075 1038 1691 1102; baseline 0.008 -17"><span class='ocrx_word' id='word_1_157' title='bbox 1075 1038 1178 1085; x_wconf 86' lang='lat' dir='ltr'><strong>Pro</strong></span> <span class='ocrx_word' id='word_1_158' title='bbox 1215 1041 1422 1089; x_wconf 70' lang='lat' dir='ltr'><strong>comem.</strong></span> <span class='ocrx_word' id='word_1_159' title='bbox 1457 1042 1691 1102; x_wconf 63' lang='lat' dir='ltr'><strong>Advent„</strong></span> 
     </span>
     <span class='ocr_line' id='line_1_45' title="bbox 1015 1100 1596 1150; baseline 0.005 -3"><span class='ocrx_word' id='word_1_160' title='bbox 1015 1102 1133 1147; x_wconf 89' lang='lat' dir='ltr'><strong>Ant.</strong></span> <span class='ocrx_word' id='word_1_161' title='bbox 1170 1100 1214 1147; x_wconf 87' lang='lat' dir='ltr'><strong>O</strong></span> <span class='ocrx_word' id='word_1_162' title='bbox 1239 1100 1455 1149; x_wconf 76' lang='lat' dir='ltr'><strong>Adonai.</strong></span> <span class='ocrx_word' id='word_1_163' title='bbox 1492 1101 1596 1150; x_wconf 84' lang='lat'><strong>130.</strong></span> 
     </span>
    </p>
   </div>
   <div class='ocr_carea' id='block_1_12' title="bbox 1085 1222 1625 1274">
    <p class='ocr_par' dir='ltr' id='par_1_16' title="bbox 1085 1222 1625 1274">
     <span class='ocr_line' id='line_1_46' title="bbox 1085 1222 1625 1274; baseline 0.009 -4"><span class='ocrx_word' id='word_1_164' title='bbox 1085 1222 1186 1271; x_wconf 91' lang='lat' dir='ltr'><strong>Die</strong></span> <span class='ocrx_word' id='word_1_165' title='bbox 1210 1224 1284 1272; x_wconf 88' lang='grc'><strong>19.</strong></span> <span class='ocrx_word' id='word_1_166' title='bbox 1306 1224 1625 1274; x_wconf 83' lang='lat' dir='ltr'><strong>Decembris.</strong></span> 
     </span>
    </p>
   </div>
   <div class='ocr_carea' id='block_1_13' title="bbox 1014 1301 1690 1426">
    <p class='ocr_par' dir='ltr' id='par_1_17' title="bbox 1014 1301 1690 1426">
     <span class='ocr_line' id='line_1_47' title="bbox 1014 1301 1690 1369; baseline 0.004 -17"><span class='ocrx_word' id='word_1_167' title='bbox 1014 1301 1192 1354; x_wconf 73' lang='lat' dir='ltr'><strong>Beati</strong></span> <span class='ocrx_word' id='word_1_168' title='bbox 1208 1302 1436 1355; x_wconf 80' lang='lat' dir='ltr'><strong>Urbani</strong></span> <span class='ocrx_word' id='word_1_169' title='bbox 1454 1304 1520 1355; x_wconf 90' lang='lat' dir='ltr'><strong>V.</strong></span> <span class='ocrx_word' id='word_1_170' title='bbox 1532 1308 1690 1369; x_wconf 83' lang='lat' dir='ltr'><strong>Papae</strong></span> 
     </span>
     <span class='ocr_line' id='line_1_48' title="bbox 1147 1377 1556 1426; baseline 0 -2"><span class='ocrx_word' id='word_1_171' title='bbox 1147 1387 1192 1425; x_wconf 92' lang='lat' dir='ltr'><strong>et</strong></span> <span class='ocrx_word' id='word_1_172' title='bbox 1217 1377 1556 1426; x_wconf 80' lang='lat' dir='ltr'><strong>ConfessoriS.</strong></span> 
     </span>
    </p>
   </div>
   <div class='ocr_carea' id='block_1_14' title="bbox 1006 1457 1694 2491">
    <p class='ocr_par' dir='ltr' id='par_1_18' title="bbox 1073 1457 1626 1519">
     <span class='ocr_line' id='line_1_49' title="bbox 1073 1457 1626 1519; baseline 0.004 -16"><span class='ocrx_word' id='word_1_173' title='bbox 1073 1457 1295 1519; x_wconf 81' lang='lat' dir='ltr'><strong>Duplex.</strong></span> <span class='ocrx_word' id='word_1_174' title='bbox 1431 1459 1626 1507; x_wconf 78' lang='lat' dir='ltr'><strong>Oratio.</strong></span> 
     </span>
    </p>

    <p class='ocr_par' dir='ltr' id='par_1_19' title="bbox 1115 1531 1693 1592">
     <span class='ocr_line' id='line_1_50' title="bbox 1115 1531 1693 1592; baseline 0.003 -15"><span class='ocrx_word' id='word_1_175' title='bbox 1115 1543 1228 1591; x_wconf 55' lang='lat' dir='ltr'><strong>cusa,</strong></span> <span class='ocrx_word' id='word_1_176' title='bbox 1270 1532 1359 1592; x_wconf 90' lang='lat' dir='ltr'><strong>qui</strong></span> <span class='ocrx_word' id='word_1_177' title='bbox 1400 1532 1465 1579; x_wconf 88' lang='lat' dir='ltr'><strong>ad</strong></span> <span class='ocrx_word' id='word_1_178' title='bbox 1505 1531 1693 1580; x_wconf 65' lang='lat' dir='ltr'><strong>tuenda</strong></span> 
     </span>
    </p>

    <p class='ocr_par' dir='ltr' id='par_1_20' title="bbox 1006 1600 1694 2491">
     <span class='ocr_line' id='line_1_51' title="bbox 1150 1600 1693 1663; baseline 0.002 -15"><span class='ocrx_word' id='word_1_179' title='bbox 1150 1600 1354 1649; x_wconf 73' lang='lat' dir='ltr'><strong>fortiter</strong></span> <span class='ocrx_word' id='word_1_180' title='bbox 1393 1602 1529 1649; x_wconf 85' lang='lat' dir='ltr'><strong>sedis</strong></span> <span class='ocrx_word' id='word_1_181' title='bbox 1570 1615 1693 1663; x_wconf 88' lang='lat' dir='ltr'><strong>apo-</strong></span> 
     </span>
     <span class='ocr_line' id='line_1_52' title="bbox 1010 1670 1691 1732; baseline 0.006 -16"><span class='ocrx_word' id='word_1_182' title='bbox 1010 1670 1206 1718; x_wconf 79' lang='lat' dir='ltr'><strong>stolicae</strong></span> <span class='ocrx_word' id='word_1_183' title='bbox 1251 1671 1386 1731; x_wconf 85' lang='lat' dir='ltr'><strong>jura,</strong></span> <span class='ocrx_word' id='word_1_184' title='bbox 1436 1672 1691 1732; x_wconf 75' lang='lat' dir='ltr'><strong>fidemque</strong></span> 
     </span>
     <span class='ocr_line' id='line_1_53' title="bbox 1012 1740 1694 1806; baseline 0.006 -19"><span class='ocrx_word' id='word_1_185' title='bbox 1012 1740 1317 1788; x_wconf 80' lang='lat' dir='ltr'><strong>catholicam</strong></span> <span class='ocrx_word' id='word_1_186' title='bbox 1363 1741 1464 1789; x_wconf 88' lang='lat' dir='ltr'><strong>late</strong></span> <span class='ocrx_word' id='word_1_187' title='bbox 1505 1757 1694 1806; x_wconf 89' lang='lat' dir='ltr'><strong>propa-</strong></span> 
     </span>
     <span class='ocr_line' id='line_1_54' title="bbox 1009 1810 1693 1872; baseline 0.007 -15"><span class='ocrx_word' id='word_1_188' title='bbox 1009 1810 1243 1872; x_wconf 69' lang='lat' dir='ltr'><strong>gzindam,</strong></span> <span class='ocrx_word' id='word_1_189' title='bbox 1281 1811 1487 1859; x_wconf 69' lang='lat' dir='ltr'><strong>beatum</strong></span> <span class='ocrx_word' id='word_1_190' title='bbox 1521 1812 1693 1861; x_wconf 70' lang='lat' dir='ltr'><strong>Urba-</strong></span> 
     </span>
     <span class='ocr_line' id='line_1_55' title="bbox 1009 1879 1689 1932; baseline 0.009 -6"><span class='ocrx_word' id='word_1_191' title='bbox 1009 1894 1131 1929; x_wconf 91' lang='lat' dir='ltr'><strong>num</strong></span> <span class='ocrx_word' id='word_1_192' title='bbox 1154 1879 1517 1930; x_wconf 81' lang='lat' dir='ltr'><strong>Confessorem</strong></span> <span class='ocrx_word' id='word_1_193' title='bbox 1546 1889 1689 1932; x_wconf 86' lang='lat' dir='ltr'><strong>tuum</strong></span> 
     </span>
     <span class='ocr_line' id='line_1_56' title="bbox 1008 1951 1690 2015; baseline 0.004 -16"><span class='ocrx_word' id='word_1_194' title='bbox 1008 1960 1162 2015; x_wconf 83' lang='lat' dir='ltr'><strong>atque</strong></span> <span class='ocrx_word' id='word_1_195' title='bbox 1213 1951 1517 2002; x_wconf 87' lang='lat' dir='ltr'><strong>Pontificem</strong></span> <span class='ocrx_word' id='word_1_196' title='bbox 1571 1970 1690 2004; x_wconf 91' lang='lat' dir='ltr'><strong>con-</strong></span> 
     </span>
     <span class='ocr_line' id='line_1_57' title="bbox 1008 2023 1691 2073; baseline 0.004 -4"><span class='ocrx_word' id='word_1_197' title='bbox 1008 2023 1196 2070; x_wconf 70' lang='lat' dir='ltr'><strong>stantia</strong></span> <span class='ocrx_word' id='word_1_198' title='bbox 1259 2024 1545 2072; x_wconf 71' lang='lat' dir='ltr'><strong>roborasti:</strong></span> <span class='ocrx_word' id='word_1_199' title='bbox 1607 2025 1691 2073; x_wconf 88' lang='lat' dir='ltr'><strong>fac</strong></span> 
     </span>
     <span class='ocr_line' id='line_1_58' title="bbox 1006 2092 1688 2154; baseline 0.004 -15"><span class='ocrx_word' id='word_1_200' title='bbox 1006 2106 1103 2140; x_wconf 87' lang='lat' dir='ltr'><strong>nos</strong></span> <span class='ocrx_word' id='word_1_201' title='bbox 1134 2092 1299 2154; x_wconf 84' lang='lat' dir='ltr'><strong>ipsius</strong></span> <span class='ocrx_word' id='word_1_202' title='bbox 1320 2093 1577 2154; x_wconf 87' lang='lat' dir='ltr'><strong>praesidiis</strong></span> <span class='ocrx_word' id='word_1_203' title='bbox 1602 2095 1688 2141; x_wconf 86' lang='lat' dir='ltr'><strong>ad-</strong></span> 
     </span>
     <span class='ocr_line' id='line_1_59' title="bbox 1006 2162 1692 2222; baseline 0.003 -12"><span class='ocrx_word' id='word_1_204' title='bbox 1006 2162 1143 2222; x_wconf 72' lang='lat' dir='ltr'><strong>jfitos</strong></span> <span class='ocrx_word' id='word_1_205' title='bbox 1164 2164 1237 2211; x_wconf 88' lang='lat' dir='ltr'><strong>ita</strong></span> <span class='ocrx_word' id='word_1_206' title='bbox 1254 2163 1495 2211; x_wconf 60' lang='lat' dir='ltr'><strong>militanti</strong></span> <span class='ocrx_word' id='word_1_207' title='bbox 1514 2164 1692 2212; x_wconf 73' lang='lat' dir='ltr'><strong>Eccle-</strong></span> 
     </span>
     <span class='ocr_line' id='line_1_60' title="bbox 1007 2232 1687 2282; baseline 0.001 -2"><span class='ocrx_word' id='word_1_208' title='bbox 1007 2233 1097 2280; x_wconf 88' lang='lat' dir='ltr'><strong>siae</strong></span> <span class='ocrx_word' id='word_1_209' title='bbox 1144 2232 1363 2280; x_wconf 84' lang='lat' dir='ltr'><strong>servire:</strong></span> <span class='ocrx_word' id='word_1_210' title='bbox 1409 2240 1466 2281; x_wconf 90' lang='lat' dir='ltr'><strong>ut</strong></span> <span class='ocrx_word' id='word_1_211' title='bbox 1511 2235 1687 2282; x_wconf 89' lang='lat' dir='ltr'><strong>trium-</strong></span> 
     </span>
     <span class='ocr_line' id='line_1_61' title="bbox 1006 2302 1686 2364; baseline 0.003 -15"><span class='ocrx_word' id='word_1_212' title='bbox 1006 2302 1186 2364; x_wconf 71' lang='lat' dir='ltr'><strong>phami</strong></span> <span class='ocrx_word' id='word_1_213' title='bbox 1242 2303 1531 2351; x_wconf 74' lang='lat' dir='ltr'><strong>consociari</strong></span> <span class='ocrx_word' id='word_1_214' title='bbox 1584 2318 1686 2351; x_wconf 90' lang='lat' dir='ltr'><strong>me-</strong></span> 
     </span>
     <span class='ocr_line' id='line_1_62' title="bbox 1007 2371 1687 2420; baseline 0.001 -1"><span class='ocrx_word' id='word_1_215' title='bbox 1007 2372 1226 2420; x_wconf 71' lang='lat' dir='ltr'><strong>reamur.</strong></span> <span class='ocrx_word' id='word_1_216' title='bbox 1272 2371 1374 2419; x_wconf 84' lang='lat' dir='ltr'><strong>Per</strong></span> <span class='ocrx_word' id='word_1_217' title='bbox 1411 2372 1687 2420; x_wconf 79' lang='lat' dir='ltr'><strong>Dominum</strong></span> 
     </span>
     <span class='ocr_line' id='line_1_63' title="bbox 1007 2450 1256 2491; baseline 0.012 -3"><span class='ocrx_word' id='word_1_218' title='bbox 1007 2450 1256 2491; x_wconf 87' lang='lat' dir='ltr'><strong>nostrum.</strong></span> 
     </span>
    </p>
   </div>
   <div class='ocr_carea' id='block_1_15' title="bbox 1242 2533 1452 2545">
    <p class='ocr_par' dir='ltr' id='par_1_21' title="bbox 1242 2533 1452 2545">
     <span class='ocr_line' id='line_1_64' title="bbox 1242 2533 1452 2545; baseline -0.014 0"><span class='ocrx_word' id='word_1_219' title='bbox 1242 2533 1452 2545; x_wconf 37' lang='lat' dir='ltr'><strong>&amp;ANK-W«</strong></span> 
     </span>
    </p>
   </div>
   <div class='ocr_carea' id='block_1_16' title="bbox 1391 2659 1435 2705">
    <p class='ocr_par' dir='ltr' id='par_1_22' title="bbox 1391 2659 1435 2705">
     <span class='ocr_line' id='line_1_65' title="bbox 1391 2659 1435 2705; baseline 0 0"><span class='ocrx_word' id='word_1_220' title='bbox 1391 2659 1435 2705; x_wconf 94' lang='lat' dir='ltr'>L</span> 
     </span>
    </p>
   </div>
  </div>
 </body>
</html>
