1954 2779
265 215 354 261 214

264 341 379 388 quae
394 327 588 388 agenda
606 335 747 387 sunt3
768 334 814 374 et
832 340 946 388 quae

263 405 402 445 reeta
435 405 566 456 sunt,
601 397 749 457 Agere
777 396 945 444 valed-

263 482 393 516 mus,
424 467 525 514 Per
543 466 837 514 Dominum.

358 589 559 643 Feria
596 552 855 661 Quinta.

322 682 388 735 Ἦ.
416 676 629 738 Angelis
663 677 770 724 suis
801 677 945 724 Deus

263 746 524 795 manddvit
558 747 620 793 de
652 754 716 794 te.
767 750 830 809 Rz.
873 747 945 796 Ut

264 818 551 868 custodiant
598 825 646 864 te
687 817 740 863 in
781 816 941 864 omni-

263 890 359 937 bus
393 889 493 935 viis
524 888 641 935 tuiS.

325 966 404 1012 Ad
424 965 611 1012 Bened.
626 964 741 1010 Ant.
761 959 946 1019 Egres-

264 1044 350 1077 sus
392 1029 547 1078 Jesus
580 1031 608 1062 ²⁴³<
642 1028 851 1076 secessit
891 1029 945 1075 in

262 1108 433 1162 partes
467 1099 594 1160 Tyri
628 1107 674 1146 et
709 1098 944 1147 Sidonis:

262 1178 309 1217 et
358 1183 473 1216 ecee
523 1169 709 1216 miilier
751 1169 947 1216 Chana-

260 1239 370 1285 naea
393 1252 421 1284 a
439 1236 635 1286 finibus
658 1238 764 1286 illis
783 1240 946 1300 egres-

261 1318 331 1369 sa,
351 1308 603 1356 clamabat
622 1309 822 1357 dicens:
846 1309 943 1356 Mi-

261 1379 429 1427 serere
450 1380 563 1438 mei,
590 1379 664 1428 fili
685 1379 873 1428 David.

319 1453 517 1500 Deinde
541 1454 742 1501 Preces.
774 1451 848 1498 50.

506 1524 697 1571 Oratio.

353 1590 642 1640 evotionem
656 1589 837 1652 populi
853 1590 943 1649 tui,

392 1662 685 1725 quaesumus
706 1659 942 1718 Domine,

261 1735 513 1797 benignus
530 1731 759 1780 intende:
783 1738 838 1778 ut
856 1732 944 1791 qui

261 1820 354 1868 per
383 1802 744 1851 abstinentiam
781 1815 944 1847 mace-

259 1869 945 1933 ranturineorporefflerfru-

261 1952 398 1992 etum
409 1943 533 1990 boni
542 1942 713 2003 operis
720 1940 945 1988 refician-

262 2022 346 2060 tur
365 2013 420 2059 in
441 2019 622 2059 mente.
665 2011 766 2058 Per
787 2010 941 2057 Dfim.

323 2089 402 2136 Ad
457 2088 669 2148 Magnif.
721 2088 836 2132 Ant.
893 2086 938 2132 O

261 2150 459 2208 mfilier,
475 2152 503 2183 ³³²
525 2162 707 2210 magna
726 2155 800 2196 est
817 2149 944 2196 fides

262 2229 371 2268 tua:
397 2220 483 2266 fiat
501 2219 596 2266 tibi
607 2220 739 2266 sieut
753 2219 940 2281 petisti.

319 2295 517 2340 Deinde
539 2294 740 2339 Preces.
774 2290 850 2337 50.

504 2363 696 2408 Oratio,

354 2438 383 2470 a
397 2459 409 2482 ,
482 2436 549 2482 qu
556 2424 774 2471 aesumus
837 2426 941 2473 Do-

382 2494 532 2551 mine,
568 2492 776 2553 populis
809 2495 941 2542 chri-

497 216 636 263 Infra
661 216 916 263 Hebdom.
941 215 981 261 Ι.
1008 215 1432 275 Quadragesimae.

1001 326 1196 386 stianiS,
1233 334 1281 373 et
1303 340 1417 387 quae
1439 326 1682 388 profiten-

1002 405 1086 444 tur
1097 398 1373 458 agnoseere
1388 414 1398 444 ε
1418 405 1465 443 et
1477 396 1682 445 eoeleste

1000 481 1185 514 munus
1239 467 1450 528 diligere
1465 505 1476 527 ,
1540 467 1680 528 quod

1001 536 1338 598 frequentant.
1370 538 1472 586 Per
1491 537 1648 585 Dfim.

1104 671 1146 724 F
1164 686 1193 724 e
1207 671 1319 725 ria
1356 670 1393 724 S
1410 686 1439 724 e
1453 673 1576 725 xta

1045 740 1272 797 Quatuor
1306 742 1633 802 Temporum.

1062 812 1125 864 V.
1165 810 1392 871 Angelis.
1407 821 1462 858 ut
1486 828 1655 873 supra.

1061 882 1141 927 Ad
1160 882 1347 930 Bened.
1369 884 1486 929 Ant.
1516 884 1680 944 Ange-

999 951 1082 998 lus
1110 951 1321 999 Domini
1353 953 1382 984 ²⁵⁶
1414 951 1683 1000 descende—

1001 1020 1088 1068 bat
1135 1021 1197 1068 de
1230 1022 1383 1081 coelo,
1431 1029 1479 1068 et
1511 1036 1682 1069 move-

1001 1091 1152 1139 batur
1169 1105 1314 1153 aqua,
1341 1100 1388 1139 et
1406 1093 1682 1139 sanabatur

1000 1176 1148 1210 unuS.

1058 1232 1255 1278 Deinde
1282 1232 1482 1278 Preces.
1512 1234 1585 1281 50.

1243 1312 1434 1359 Oratio.

1008 1383 1170 1505 Esto
1225 1380 1446 1428 Domine
1508 1381 1683 1443 propi·

1137 1452 1238 1497 tius
1281 1450 1422 1512 plebi
1463 1459 1590 1499 tuae:
1634 1460 1682 1499 et

1000 1535 1151 1583 quam
1181 1521 1275 1568 tibi
1298 1519 1426 1567 facis
1457 1534 1568 1568 esse
1598 1521 1682 1567 de-

999 1591 1193 1649 votam,
1242 1589 1462 1651 benigno
1500 1588 1681 1637 refove

998 1660 1269 1709 miseratus
1309 1658 1515 1707 auxilio,
1582 1659 1681 1706 Per

999 1731 1278 1780 Dominum
1310 1738 1556 1777 nostrum.

1058 1807 1230 1853 Hodie
1262 1806 1501 1851 dicuntur
1534 1802 1677 1849 Psal-

996 1871 1062 1915 mi
1097 1865 1493 1914 Poenitentiales.

1060 1939 1137 1985 Ad
1174 1934 1383 1996 Magnis.
1419 1935 1537 1981 Ant.
1580 1935 1680 1992 Qui

998 2017 1079 2050 me
1119 2016 1299 2049 sanum
1344 2002 1486 2062 feeit,
1522 2004 1550 2036 ’ἕ
1593 2003 1681 2050 ille

998 2072 1123 2121 mihi
1134 2073 1398 2135 praeeepit:
1413 2072 1563 2120 Tolle
1575 2087 1683 2134 gra-

999 2143 1175 2192 bdtum
1207 2151 1366 2196 tuum,
1403 2151 1450 2190 et
1474 2143 1681 2190 &mbula

999 2214 1052 2261 in
1085 2228 1226 2276 pace.

1053 2289 1251 2334 Deinde
1275 2289 1477 2335 Preces.
1510 2282 1585 2330 50.

1240 2369 1434 2415 Oratio.

1097 2429 1253 2477 xat'idi
1325 2445 1421 2479 nos
1484 2431 1680 2478 miseri-

1005 2439 1091 2556 Ε
1132 2514 1248 2548 cors
1270 2501 1438 2548 Deus:
1471 2510 1519 2547 et
1541 2501 1679 2547 men-
