1954 2779
857 216 1083 265 sabbato

1710 170 1838 177 ,Ἥρη

1110 221 1309 263 Samen»

1699 224 1789 269 255

367 348 466 396 que
492 334 557 382 ad
579 340 815 391 mortem,
839 340 1055 380 mortem
1084 338 1085 349 ¹
1109 333 1454 395 unigenitum,
1499 334 1618 394 quia
1650 334 1793 383 inno-

366 413 537 454 autem
559 403 749 452 erucis,

433 476 582 522 Pater
602 481 796 521 noster.
823 480 1035 520 secreto.
1084 510 1085 515 ,

431 544 518 591 Ps.
540 544 802 592 Miserere.
825 543 933 590 248.

618 614 818 664 Oratio.

468 685 710 748 espiee,
758 684 1084 747 quaesumus4

504 755 1056 816 deine,superhan0
1082 768 1083 795 ;

367 827 618 876 familiam
640 833 796 886 tuam,
829 839 926 886 pro
953 839 1054 886 qua

363 897 622 946 deinus
675 902 852 943 noster
898 896 933 944 J
936 909 1053 943 esus

365 968 607 1017 Christus
648 980 753 1014 non
796 965 1054 1012 dubitavit

363 1038 606 1088 manibus
651 1036 783 1083 tradi
825 1036 1051 1083 nocenti·
1080 1032 1083 1085 ἶ

364 1123 467 1169 um,
492 1115 541 1156 et
564 1107 734 1155 crucis
757 1105 932 1153 subire
949 1112 1053 1153 tor·
1080 1140 1083 1171 „¹

364 1179 620 1226 mentum:
654 1175 753 1235 Qui
785 1183 954 1223 tecum
975 1176 1052 1222 vi-

363 1250 437 1296 vit
461 1256 510 1297 et
530 1255 729 1310 regnat.

502 1327 591 1375 Ad
620 1327 913 1387 vesperas,

1108 417 1229 451 cens
1250 403 1366 452 Dfis
1387 403 1590 452 occisus
1613 412 1704 453 est.

1174 474 1256 521 Ps.
1293 473 1476 522 melica
1498 488 1595 522 me.
1628 475 1702 524 53.

1175 544 1217 591 3.
1266 545 1522 593 Attendite
1563 547 1793 596 universi

1082 610 1310 697 ‚pdpuli‚
1353 622 1402 663 et
1448 615 1618 664 videte
1650 618 1793 669 dold-

1105 699 1213 732 rem
1233 700 1416 735 meum.

1177 757 1260 803 Ps.
1274 757 1411 805 Deus
1421 757 1565 806 Deus
1576 773 1734 808 meus,
1748 762 1793 807 2.

1172 828 1215 873 4.
1252 829 1297 875 A
1315 836 1464 889 porta
1487 828 1640 876 inferi
1672 830 1792 878 erue

1107 896 1330 945 D6mine
1352 898 1573 946 animam
1595 913 1776 948 meam.

1174 969 1318 1015 Cant.
1354 968 1466 1029 Ego
1489 969 1611 1018 dixi.
1645 972 1721 1021 54.

1172 1039 1215 1085 5.
1262 1042 1304 1079 ()
1344 1053 1438 1086 vos
1483 1053 1659 1089 omnes
1702 1044 1790 1103 qui

1105 1107 1335 1155 transitis
1351 1122 1444 1170 per
1461 1109 1613 1170 viam,
1632 1113 1791 1159 atten-

1104 1178 1208 1225 dite
1239 1186 1288 1225 et
1311 1178 1493 1240 videte,
1526 1181 1572 1228 si
1604 1189 1681 1230 est
1701 1183 1789 1230 do-

1103 1248 1184 1295 lor
1207 1249 1338 1296 sieut
1362 1250 1511 1297 dolor
1532 1265 1691 1302 meus,

1173 1320 1258 1367 Ps.
1276 1320 1500 1368 Laudaite
1510 1321 1790 1372 deinum

435 1395 554 1441 Ant.
599 1400 646 1439 et
679 1392 764 1440 Ps.
811 1391 1057 1452 praeteriti
1082 1384 1166 1437 *de
1190 1391 1350 1439 eoelis.
1385 1393 1429 1439 5.

376 1455 473 1501 diei
497 1454 739 1501 dicuntur
757 1453 866 1498 sine
891 1461 1056 1500 cantu.

434 1525 516 1572 Ad
541 1522 756 1586 Magnis.
781 1523 899 1571 Ant.
926 1523 1051 1573 Cum

365 1597 647 1660 accepisset
664 1597 878 1655 acetum,
895 1595 1051 1643 dixit:

368 1665 788 1714 Consummatum
843 1672 943 1713 est:
1002 1672 1050 1712 et

366 1736 611 1784 inclinato
662 1735 828 1797 ezipite
882 1734 1050 1782 emisit

364 1806 616 1868 spiritum.
686 1863 692 1869 ,
875 1831 880 1834 v

433 1875 745 1929 V.Christus
768 1874 933 1923 faetus
957 1881 1049 1923 est.

374 1944 420 1982 et
438 1938 539 1984 alia
557 1944 612 1984 ut
635 1949 792 1998 supra
813 1935 876 1983 ad
894 1935 1054 1983 Laud.

450 2071 695 2127 Sabbato
734 2072 955 2127 Sancto,

533 2159 627 2207 Ad*
651 2159 885 2207 Laudes.

436 2228 557 2274 Ant.
593 2229 632 2274 1.
689 2228 733 2275 Ο
761 2243 923 2290 morS‚
963 2243 1051 2277 ero

368 2311 507 2345 mors
540 2306 647 2359 tua,
686 2313 892 2346 morsus
934 2306 1052 2347 tuus

370 2380 455 2415 ero
489 2367 702 2417 inferne.

439 2436 522 2485 Ps.
556 2439 811 2487 Miserere.
845 2439 921 2487 46.

440 2508 484 2553 2.
509 2506 751 2569 Plangent
773 2521 888 2555 eum
907 2510 1054 2569 quasi

1175 1463 1238 1515 Y.
1269 1461 1401 1511 Caro
1446 1476 1559 1512 mea
1590 1467 1787 1526 requie-

1102 1538 1210 1578 scet
1239 1532 1293 1579 in
1329 1548 1437 1596 spe.
1492 1539 1552 1584 R.
1592 1535 1662 1583 Et
1683 1550 1788 1583 non

1103 1600 1252 1650 dabis
1275 1612 1508 1651 sanctum
1539 1611 1683 1653 tuum
1713 1606 1789 1653 vi-

1102 1670 1223 1717 dere
1247 1672 1648 1733 corruptidnem.

1172 1744 1254 1791 Ad
1288 1746 1475 1793 Bened.
1521 1747 1639 1793 Ant.
1683 1745 1788 1792 Mu-

1102 1810 1254 1858 lieres
1299 1812 1532 1861 sedentes
1575 1814 1640 1861 ad
1684 1828 1790 1862 mo-

1102 1881 1402 1930 numentum
1443 1883 1791 1933 lamentaban-

1101 1958 1200 2010 tur,
1224 1951 1400 2001 flentes
1423 1954 1720 2004 deinum.

1176 2022 1489 2077 X'.Christus
1519 2024 1686 2072 faetus
1716 2033 1793 2072 est

1103 2106 1199 2153 pro
1240 2094 1392 2140 nobis
1427 2094 1672 2142 obediens
1707 2109 1791 2142 us-

1104 2175 1203 2222 que
1224 2163 1289 2210 ad
1321 2171 1552 2223 mortem,
1576 2172 1791 2213 mortem

1105 2238 1273 2278 autem
1328 2233 1521 2281 erucis:
1579 2243 1793 2297 propter

1105 2300 1245 2361 quod
1289 2310 1337 2349 et
1368 2302 1511 2351 Deus
1545 2304 1792 2353 exaltavit

1104 2370 1276 2432 illum,
1322 2380 1370 2420 et
1411 2374 1549 2422 dedit
1593 2375 1671 2421 illi
1702 2390 1792 2421 no-

1105 2454 1246 2500 men,
1314 2445 1453 2503 quod
1509 2453 1585 2491 est
1637 2457 1795 2504 super

1108 2524 1257 2558 omne
1280 2526 1483 2561 nomen.
