1954 2779
256 226 347 273 356

262 343 461 391 etorum
482 342 689 390 tuorum
719 342 940 405 patroci-

258 415 344 460 nio
375 413 777 475 suppliedntem:
812 421 868 460 ut
892 420 940 460 et

256 482 555 545 temporfilis
578 482 699 530 vitae
732 497 827 530 nos
850 482 939 530 tri-

259 554 389 601 buas
435 566 560 614 paee
602 553 848 614 gaudere,
892 561 940 599 et

259 623 460 670 aeternae
504 622 729 683 reperire
771 623 938 670 subsi-

258 693 415 739 dium.
503 692 602 739 Per
655 693 939 740 Dominum

259 768 509 810 nostrum.
791 765 792 768 ’

316 830 379 876 In
401 830 566 876 Laud.
597 846 692 892 pro
724 836 932 880 comem.

257 893 335 940 Ss.
358 891 511 938 Marii
534 900 581 938 et
606 893 722 941 Soc.
747 894 898 941 Mart.

322 964 442 1010 Ant.
467 962 638 1010 Vestri
656 962 848 1025 capilli.
871 967 935 1018 Y.

256 1034 621 1082 Exsultdbunt.
657 1033 752 1094 [22]

318 1105 559 1166 Vesperae
578 1107 638 1152 de
658 1120 797 1166 sequ.
818 1121 932 1152 eum

257 1180 517 1214 commem.
543 1168 760 1227 praeeed.

356 1280 455 1327 Die
476 1280 554 1328 20.
577 1278 835 1328 Januarii.

278 1350 374 1403 Ss.
397 1348 646 1403 Fabiani
681 1355 837 1416 Papae
869 1362 916 1399 et

334 1419 684 1472 Sebastiam
704 1425 854 1470 Mart.

347 1492 570 1552 Duplex.
638 1493 836 1540 Oratio.

271 1556 643 1683 Infirmitatem
708 1566 937 1606 nostram

351 1628 573 1690 respice,
614 1628 937 1690 omnipotens

257 1699 424 1748 Deus:
471 1707 519 1746 et
567 1700 688 1760 quia
734 1700 937 1762 pondus

255 1770 482 1832 propriae
504 1770 721 1817 aetionis
738 1778 935 1832 gravat,

255 1840 520 1888 beatorum
554 1839 791 1901 Mdrtyrfi
825 1841 937 1887 tuo-

255 1923 369 1957 rum
382 1908 602 1956 Fabiani
616 1917 662 1955 et
681 1908 935 1957 Sebastifi-

254 1979 308 2027 ni
360 1977 659 2026 intercessio
708 1978 934 2039 gloriosa

255 2062 350 2097 nos
368 2048 621 2110 protegat.
643 2046 745 2094 Per
758 2047 935 2096 Domi-

261 2134 384 2167 num
407 2126 655 2166 nostrum.

313 2191 378 2236 Et
403 2191 458 2235 fit
483 2193 694 2236 comem.
710 2190 927 2249 praeeed.

256 2252 373 2295 Ant.
400 2251 500 2306 Qui
519 2250 644 2297 vult.
667 2251 733 2302 V.
755 2251 937 2300 Justus

255 2322 312 2362 ut
334 2317 520 2376 palma.
556 2319 650 2376 [14]

317 2382 472 2441 Vesp.
489 2398 516 2429 a
533 2386 698 2445 Capit.
715 2388 774 2432 de
790 2402 927 2447 sequ.

257 2456 370 2486 eum
395 2457 658 2491 commem.
681 2449 899 2505 praeced.

492 2528 510 2537 l
525 2530 544 2537 „2
557 2530 582 2539 ν
595 2528 698 2543 «JK-⁴2·

638 229 784 274 Festa
809 229 1059 275 Januarii.
1096 229 1191 287 (20.
1216 229 1311 286 21.)

1099 342 1197 389 Die
1220 343 1296 389 21.
1319 341 1354 390 J
1357 342 1572 390 anuarii.

997 413 1058 465 S.
1075 411 1330 475 Agnetis
1352 419 1497 478 Virg.
1522 418 1677 465 Mart.

1217 490 1439 551 Duplex.

1054 561 1267 620 Quando
1280 562 1307 607 Ι
1314 560 1487 620 ‚Vesp.
1500 559 1675 606 dicen-

962 587 967 664 Ι
992 624 1067 668 dae
1091 624 1192 669 sint
1214 623 1441 682 integrae,
1462 621 1585 667 Ant.
1612 621 1676 668 de

962 671 966 750 Ι
992 685 1155 731 Laud.
1189 683 1276 730 Ps.
1301 683 1429 729 utin
1453 682 1494 728 Ι.
1519 682 1675 743 Vesp.

962 753 966 836 .
992 747 1054 792 de
1078 746 1345 793 Communi
1372 744 1553 804 Apost.
1597 748 1664 808 [1]

1053 824 1215 885 Capit.
1348 823 1507 869 Eeeli.
1535 823 1610 869 51.

999 900 1331 1027 confitebor
1369 902 1465 949 tibi
1499 902 1680 951 Domi-

1124 986 1188 1019 ne
1220 970 1357 1031 Rex,
1401 980 1449 1018 et
1484 972 1678 1021 collau-

994 1043 1130 1090 dabo
1162 1050 1212 1090 te
1243 1042 1412 1089 Deum
1442 1042 1679 1092 Salvato-

993 1127 1100 1160 rem
1133 1126 1318 1159 meum.
1375 1112 1679 1161 Confitebor

993 1183 1188 1231 nomini
1205 1190 1317 1229 tuo:
1334 1183 1578 1243 quoniam
1591 1184 1677 1230 ad-

992 1252 1130 1312 jutor
1150 1261 1198 1299 et
1220 1253 1483 1314 protector
1504 1253 1675 1302 factus

994 1337 1047 1370 es
1068 1324 1208 1383 mihi,
1234 1330 1283 1370 et
1304 1323 1536 1371 liberdsti
1561 1338 1675 1372 cor-

992 1408 1090 1456 pus
1121 1409 1290 1442 meum
1312 1409 1341 1441 a
1369 1394 1677 1456 perditione.

1061 1464 1101 1508 H
1111 1478 1311 1524 ymnus.
1328 1466 1361 1513 J
1367 1478 1456 1512 esu
1466 1466 1678 1515 corona.

993 1534 1087 1596 [36]
1128 1536 1194 1587 V.
1218 1535 1399 1596 Speeie
1422 1542 1522 1583 tua.
1557 1536 1657 1597 [37]

1057 1604 1136 1650 Ad
1149 1605 1360 1666 Magnis.
1381 1607 1496 1652 Ant.
1514 1605 1681 1655 Beata

991 1675 1165 1737 Agnes
1186 1676 1241 1722 in
1258 1676 1426 1724 medio
1445 1676 1674 1724 flamma-

961 1738 964 1815 1
991 1761 1106 1793 rum
1137 1747 1389 1808 Qeprnsis
1428 1747 1672 1795 menibus

995 1816 1198 1864 orabat:
1233 1817 1307 1864 Te
1338 1817 1588 1878 deprecor
1621 1832 1678 1866 o-

992 1885 1297 1947 mnipotenS‚
1310 1887 1585 1949 adorfinde‚
1598 1903 1679 1937 co-

991 1956 1166 2016 lende,
1199 1957 1353 2005 Pater
1385 1958 1679 2020 metuende,

992 2026 1113 2085 quia
1128 2041 1220 2088 per
1234 2035 1466 2075 sanctum
1478 2028 1677 2077 Filium

991 2103 1136 2143 tuum
1160 2097 1300 2144 evasi
1323 2098 1488 2145 minas
1518 2100 1677 2147 saeri-

991 2166 1093 2228 legi
1138 2167 1367 2228 tyrdnni,
1413 2176 1461 2215 et
1504 2171 1678 2218 carnis

993 2238 1268 2298 spurcitias
1341 2239 1676 2290 immaculato

993 2307 1121 2354 ealle
1166 2308 1406 2355 transivi:
1457 2317 1505 2356 et
1554 2324 1676 2359 eece

992 2377 1145 2424 venio
1160 2378 1223 2425 ad
1238 2385 1300 2437 te,
1315 2392 1465 2439 quem
1482 2381 1672 2442 amdvi,

991 2460 1142 2507 quem
1213 2449 1452 2508 quaesivi‚
1519 2463 1676 2511 quem

959 2542 963 2577 1
992 2529 1194 2577 semper
1217 2517 1409 2578 optdvi.

209 2613 1737 2641 ..Ἣ
