1954 2779
703 212 780 257 Ad
809 214 1226 273 (himpletorium.

1591 218 1679 265 109

319 325 562 387 Scapulis
609 324 715 372 suis
765 324 970 381 obum-¹
1061 326 1125 374 In
1141 326 1380 375 manibus
1402 329 1680 389 portabunt

258 394 430 444 brabit
447 394 571 442 tibi:
592 395 621 427 *
639 402 686 441 et
704 394 800 442 sub
821 408 942 456 pen·

255 466 336 512 nis
359 465 468 524 eius
490 464 742 525 sperabis⁸

316 545 477 594 Scuto
513 543 852 593 circumdabit
891 553 941 592 te

254 616 446 663 veritas
469 614 604 674 ejus:
623 615 653 647 ’¹‘
669 628 773 661 non
796 615 939 662 time-

253 685 335 732 bis
356 701 385 733 a
408 685 594 732 timore
615 685 884 745 nocturum

313 766 359 813 A
401 764 587 825 sagitta
630 764 836 812 voldnte
881 766 938 813 in

250 906 388 953 lame
429 905 484 951 in
523 904 772 951 tenebris:
809 907 838 938 '¹‘
869 905 934 953 ab

251 975 478 1033 incursu,
498 982 547 1022 et
565 974 816 1022 daemonio
835 990 935 1023 me-

248 1045 468 1093 ridianO.

311 1124 506 1172 Cadent
555 1138 583 1170 a
632 1124 791 1171 latere
843 1134 932 1173 tuo

247 1194 410 1254 mille,
458 1202 506 1241 et
552 1194 725 1241 decem
769 1194 930 1243 millia

247 1279 275 1311 a
318 1264 512 1311 dextris
555 1264 681 1311 tuis:
717 1266 745 1298 '¹‘
778 1265 843 1312 ad
884 1274 934 1313 te

129 1354 138 1361 ·
210 1384 223 1395 „
245 1343 413 1382 autem
476 1348 581 1381 non
651 1337 929 1398 appropin-

246 1406 440 1467 quabit.

309 1488 674 1537 Verumtamen
769 1489 932 1537 oculis

248 1559 348 1606 tuis
386 1559 766 1607 considerdbis:
812 1562 841 1593 ’¹‘
883 1569 930 1608 et

250 1630 635 1677 retributionem
698 1630 929 1691 peccato·

251 1712 359 1745 rum
381 1698 604 1746 videbis.

309 1778 564 1837 Quoniam
577 1787 633 1825 tu
647 1792 701 1825 es
711 1780 931 1829 Domine

253 1861 365 1909 spes
392 1863 531 1896 mea:
558 1850 586 1881 ’³‘
609 1848 930 1899 Altissimum

253 1919 467 1979 posuisti
489 1918 748 1980 refugium
773 1928 929 1970 tuum.

313 1998 430 2047 Non
448 1998 656 2045 accedet
677 1999 741 2046 ad
758 2007 806 2047 te
829 2015 931 2049 ma-

254 2067 379 2117 lum:
405 2071 434 2102 ’¹‘
456 2077 506 2116 et
536 2068 795 2130 flagellum
828 2085 932 2118 non

255 2138 695 2201 appropinquabit
706 2139 935 2189 taberna-

257 2211 367 2258 culo
393 2219 499 2259 tuo,

294 2293 564 2352 Quoniam
587 2292 801 2353 Angelis
826 2294 933 2340 suis

253 2363 511 2411 manddvit
531 2363 596 2410 de
618 2369 694 2409 te:
720 2364 749 2395 '¹‘
769 2370 828 2409 ut
849 2377 932 2410 cu·

251 836 348 894 die,
380 850 410 882 a
438 833 643 895 negotio
666 835 935 896 perambu-
965 834 967 843 ’

968 384 971 441 Ι
1000 404 1071 444 te:
1092 399 1121 430 ’³‘
1138 410 1203 444 ne
1219 396 1352 445 forte
1370 397 1600 447 offendas
1618 402 1681 448 ad

967 473 970 561 Ι
998 466 1221 528 lapidem
1244 468 1426 529 pedem
1448 478 1606 517 tuum.

1058 536 1226 598 Super
1248 538 1492 600 aspidem,
1521 548 1568 586 et
1591 540 1678 588 ba·

967 660 968 673 ¹
997 606 1225 661 siliseum
1248 610 1564 659 ambulabis:
1584 613 1613 645 *
1631 620 1678 659 et

965 680 969 747 Ι
996 678 1325 727 conculcabis
1375 681 1574 729 leonem
1627 691 1678 729 et

994 748 1282 798 draconem.

1055 818 1306 878 Quoniam
1327 822 1379 867 in
1398 836 1478 868 me
1501 824 1673 884 spera-

992 890 1081 949 vit,
1100 890 1334 938 liberabo
1354 905 1492 938 eum:
1513 894 1542 925 *
1557 894 1673 954 pro-

991 965 1157 1019 tegam
1169 974 1298 1019 eum,
1309 960 1549 1019 quoniam
1562 976 1674 1022 cog-

990 1029 1136 1076 novit
1161 1043 1346 1075 nomen
1368 1044 1552 1078 meum.

1054 1098 1310 1147 Clamabit
1324 1099 1387 1146 ad
1403 1114 1496 1158 me,
1516 1108 1564 1146 et
1579 1114 1671 1161 ego

991 1167 1259 1215 exaudiam
1303 1183 1441 1216 eum:
1488 1171 1517 1202 *
1559 1184 1673 1217 curn

988 1239 1104 1300 ipso
1140 1253 1255 1286 sum
1292 1239 1346 1286 in
1385 1240 1670 1288 tribulatio-

988 1325 1076 1358 ne:
1111 1309 1322 1373 eripiam
1353 1324 1467 1358 eum
1491 1319 1538 1358 et
1564 1312 1672 1373 glo-

988 1379 1204 1428 rificabo
1229 1396 1358 1430 eum.

1048 1451 1396 1512 Longitudine
1472 1453 1669 1500 dierum

988 1521 1199 1583 replebo
1223 1535 1362 1569 eum:
1382 1524 1412 1555 ²³⁶
1433 1531 1481 1569 et
1505 1524 1670 1570 osten-

988 1591 1105 1639 dam
1126 1591 1204 1638 illi
1234 1592 1456 1639 salutate
1487 1606 1670 1641 meum.

1158 1669 1391 1713 Psalmus
1418 1671 1519 1714 133.

1085 1744 1172 1777 ece
1207 1745 1345 1776 nunc
1384 1730 1667 1782 benedicite

1113 1799 1416 1861 Dominum,
1442 1802 1472 1834 ’¹‘
1495 1816 1671 1850 omnes

989 1872 1125 1919 servi
1152 1870 1389 1919 Domini:

1049 1943 1149 2002 Qui
1163 1943 1308 1989 statis
1325 1943 1379 1989 in
1398 1943 1549 1991 domo
1564 1945 1669 1993 Do-

988 2014 1128 2073 mini,
1163 2015 1192 2047 *
1221 2015 1277 2062 in
1310 2014 1454 2061 atriis
1489 2014 1670 2062 domus

988 2084 1086 2131 Dei
1109 2085 1290 2144 nostri,

1050 2153 1113 2201 In
1155 2154 1394 2201 noctibus
1443 2155 1671 2202 extossite

989 2238 1170 2271 manus
1188 2232 1385 2272 vestras
1407 2225 1462 2271 in
1481 2233 1668 2283 saneta,

991 2295 1020 2327 '¹‘
1043 2302 1092 2341 et
1114 2294 1397 2341 benedicite
1420 2295 1573 2342 Dfim.

1053 2364 1329 2414 Benedicat
1353 2372 1401 2411 te
1418 2364 1553 2411 Dom
1584 2378 1673 2422 ius

254 2431 472 2486 stodiam
504 2420 555 2480 te
595 2434 652 2480 in
693 2432 930 2481 omnibus
954 2441 962 2518 1
991 2449 1054 2482 ex
1077 2435 1225 2494 Sion,
1249 2436 1278 2467 ³³⁶
1301 2435 1389 2495 qui
1420 2434 1540 2481 fecit
1605 2447 1672 2477 oe-

994 2506 1103 2552 lum
1123 2512 1172 2551 et
1194 2512 1397 2551 terram.
