1954 2779
1591 220 1682 266 427

341 328 493 375 Feria
514 328 670 377 Sexta
691 337 811 391 post
832 329 1016 377 octav,
1039 329 1118 378 Ss.
1144 329 1393 390 Corporis
1417 329 1623 378 Christi.

514 406 966 467 Sacratissimi
1003 406 1228 467 cordis
1263 406 1442 465 Josu.

712 505 920 565 Duplex
959 508 1001 552 1.
1035 504 1231 553 classis,

326 587 481 648 Vesp.
495 588 736 633 dicuntur
752 584 813 629 de
830 582 942 630 Oct.

267 648 344 697 Ss.
358 648 604 710 Corporis
623 645 815 694 Christi
834 644 941 690 sine

1061 582 1146 630 Ps.
1172 582 1233 628 de
1254 581 1544 629 Dominica.
1578 580 1619 625 1.

1060 654 1103 700 2.
1148 650 1477 701 sanctificavi
1510 649 1683 697 locum

266 710 369 756 ulla
385 724 566 757 comm.
596 707 697 757 Sed
713 705 944 754 siOffiei-
1003 724 1032 755 ae
1065 723 1243 782 istum,
1290 729 1346 769 ut
1387 721 1453 768 sit
1496 731 1684 767 nomen

267 786 349 817 um
361 770 631 820 Ss.Cordis
643 770 676 817 J
680 782 774 816 esu
785 775 942 813 trans-

266 832 469 892 feratur,
484 840 607 879 tunc
623 831 712 878 fiat
730 836 784 877 ut
802 842 941 888 sequ.

393 904 456 950 In
487 904 525 950 Ι.
546 904 825 965 vesperis.

323 974 443 1021 Ant.
465 981 512 1019 et
533 972 605 1019 Ca
648 1006 659 1017 .
681 971 742 1017 de
760 968 940 1026 Laud„

265 1034 347 1082 Ps.
372 1043 428 1081 ut
454 1034 506 1081 in
529 1032 571 1080 Ι.
647 1046 753 1103 esp.
786 1030 939 1102 ‘Festi

267 1094 595 1155 SS.Corporis
608 1094 817 1141 Chr1st1.
840 1094 947 1143 303.

269 1156 523 1219 Hymnus,
548 1156 759 1203 Auctor.
782 1156 888 1203 429.

324 1227 389 1280 Y.
418 1226 596 1287 Ignem
614 1226 733 1274 veni
749 1225 948 1273 mittere

270 1294 321 1342 in
354 1303 561 1343 terram.
619 1298 683 1359 R.
719 1295 788 1343 Et
823 1294 948 1356 quid

266 1365 399 1427 vole,
413 1364 513 1414 nisi
533 1373 587 1413 ut
602 1364 910 1413 accendatur
922 1365 947 1413 ⁴?

286 1526 291 1527 V
360 1455 441 1502 Ad
474 1454 687 1515 Magnif.
726 1455 840 1500 Ant.

597 1535 617 1586 ’ἶ
632 1532 931 1593 ωρτορέτίῦ

663 1601 923 1662 exspecta-

585 1700 606 1728 ,ι
662 1671 738 1718 vit
752 1685 840 1718 cor
855 1685 950 1719 me·

522 1736 538 1815 4
662 1756 765 1800 um,
790 1749 840 1789 et
860 1741 949 1789 mi-

265 1881 485 1929 sustinui
519 1881 609 1942 qui
642 1880 796 1929 simul
828 1894 947 1929 con-

264 1952 568 2011 tristat-dtur,
602 1959 651 1999 et
682 1965 787 1999 non
819 1950 946 2010 fuit;

265 2029 312 2070 et
352 2023 441 2084 qui
474 2021 851 2081 consolardtur,
898 2029 947 2069 et

264 2106 367 2140 non
396 2092 591 2141 inveni.
675 2138 680 2143 .

1002 807 1171 841 meum
1210 793 1285 841 ibi
1324 793 1380 840 in
1420 789 1683 852 sempitcr·

1001 878 1151 924 num,
1183 871 1232 910 et
1264 861 1597 923 permaneant
1628 857 1680 906 ό-

1002 932 1107 980 culi
1145 932 1243 980 mei
1289 939 1338 978 et
1381 944 1472 977 cor
1513 940 1683 977 meum

1000 1003 1076 1051 ibi
1108 1001 1307 1051 cunctis
1340 1000 1536 1048 dicbus

1059 1080 1106 1128 3.
1168 1081 1238 1129 Et
1286 1078 1419 1125 dixi:
1469 1078 1497 1110 ³¹⁸
1539 1076 1679 1137 Ergo

1000 1153 1110 1200 sine
1129 1164 1283 1199 causa
1298 1148 1574 1210 justificavi
1593 1159 1684 1194 cor

999 1235 1191 1281 meum,
1227 1228 1275 1268 et
1305 1220 1412 1268 lavi
1443 1218 1576 1266 inter
1606 1216 1682 1264 in-

998 1292 1241 1340 nocentes
1257 1302 1440 1338 manus
1456 1300 1609 1347 meas»,
1632 1294 1681 1334 et

998 1363 1074 1412 fui
1096 1362 1384 1424 flagellatus
1404 1368 1511 1409 tota
1533 1359 1630 1408 die.

1063 1443 1108 1490 4.
1139 1443 1431 1492 Secundum
1453 1439 1680 1489 multitu-

1000 1514 1169 1561 dinem
1205 1515 1233 1547 ²¹⁵
1272 1512 1508 1561 dolorum
1541 1511 1677 1559 meo-

999 1599 1113 1632 rum
1133 1585 1188 1631 in
1212 1582 1368 1630 corde
1397 1596 1525 1641 meo,
1560 1594 1678 1629 con-

1000 1654 1278 1702 solationes
1323 1662 1424 1701 tuae
1454 1652 1681 1698 laetifica-

999 1720 1185 1771 verunt
1216 1723 1439 1770 Animam
1468 1734 1647 1769 meam.

1063 1804 1106 1850 5.
1131 1802 1272 1850 Pone
1288 1814 1370 1848 me
1386 1800 1416 1833 *
1434 1809 1490 1848 ut
1513 1798 1678 1860 signa-

999 1871 1171 1919 culum
1203 1885 1360 1934 super
1403 1882 1493 1920 cor
1522 1878 1680 1928 tuum,

998 1949 1054 1990 ut
1065 1943 1388 2004 signaculum
1402 1955 1558 2005 super
1570 1940 1683 1990 bra-

999 2013 1168 2062 chium
1192 2021 1353 2061 tuum.

1063 2090 1228 2153 Capit.
1394 2089 1531 2138 .Isai.
1547 2091 1618 2136 12.

326 2167 974 2258 Orat.deLaud.utinf1-a.¹
1047 2189 1051 2195 ·
1101 2182 1187 2217 cce
1247 2169 1390 2216 Deus
1440 2166 1682 2217 Salvator

448 2241 536 2288 Ad
556 2240 772 2288 Laudes

376 2321 433 2359 et
466 2325 578 2374 per
611 2310 835 2357 Horas,

1153 2253 1322 2300 meuS,
1375 2237 1682 2286 fiducialiter

1000 2322 1170 2371 agam,
1214 2317 1269 2356 et
1313 2323 1419 2356 non
1460 2309 1678 2357 timebo:

329 2384 450 2431 Ant.
469 2385 510 2430 1.
533 2380 732 2429 Discite
754 2394 783 2427 a
804 2381 949 2439 me,·*
973 2400 975 2436 μ
1000 2379 1120 2440 quia
1169 2379 1418 2428 fortitudo
1466 2393 1577 2427 mea
1632 2386 1681 2424 et

267 2451 385 2510 quia
406 2452 545 2499 mitis
568 2457 763 2498 sumsset
783 2449 949 2497 hurni-
973 2464 976 2501 ι
998 2450 1113 2498 laus
1157 2463 1270 2497 mea
1309 2449 1586 2507 DominuS,
1633 2453 1682 2493 et

265 2519 331 2567 lis
364 2521 532 2570 corde.

972 2507 976 2577 j
1000 2519 1168 2567 factus
1200 2527 1277 2567 est
1308 2519 1434 2567 mihi
1466 2518 1520 2564 in
1549 2515 1683 2563 salu-
