1954 2779
679 189 832 254 Festa
855 189 1046 236 Martii.
1083 190 1199 248 (125.)

235 307 561 369 superveniet
583 307 638 353 in
659 313 722 365 te,
742 313 790 353 et
813 306 915 353 vir-

236 385 319 425 tus
351 376 604 425 Altissimi
638 375 914 423 obumbra-

241 448 318 495 bit
341 447 452 495 tibi.

486 515 676 564 Oratio,

337 599 448 646 euS‚
498 586 587 646 qui
638 585 700 632 de
753 584 917 632 beatae

358 656 539 703 Mariae
556 654 788 717 Virginis
811 653 917 702 ute-

236 741 295 774 ro
328 726 559 776 Verbum
600 733 767 785 tuum,
813 725 917 773 An·

236 796 351 859 gelo
383 796 677 855 nuntiante,
713 808 919 843 carnem

238 866 499 928 suscipere
528 865 765 914 voluisti:
789 880 919 928 prae-

238 945 317 984 sta
340 936 667 999 supplicibus
698 936 827 997 tuis;
863 944 920 984 ut

238 1008 328 1069 qui
345 1020 466 1054 vere
482 1020 592 1054 eam
606 1006 918 1055 Genitricem

236 1078 336 1125 Dei
359 1077 628 1137 credimuS,
652 1077 761 1136 ejus
782 1075 918 1139 apud

238 1155 287 1195 te
333 1147 789 1196 intercessienibus
834 1147 919 1195 ad—

239 1217 490 1276 juvemur.
554 1218 655 1265 Per
685 1218 918 1265 eumdem

239 1287 522 1336 Deminum
544 1295 794 1337 nostrum.

305 1363 362 1409 In
383 1361 637 1421 Quadrag.
657 1363 785 1409 coffi.
803 1362 919 1409 Fer.

410 1437 484 1475 Ad
512 1436 744 1475 Primam.

303 1503 360 1547 ln
373 1502 435 1548 R
455 1501 556 1548 br.:
579 1500 637 1552 Y.
661 1495 759 1554 Qui
771 1502 920 1542 natus

239 1578 292 1613 es
316 1565 378 1612 de
399 1564 565 1613 Maria
588 1565 816 1627 Virgine.

412 1647 486 1686 Ad
512 1647 747 1686 Tertiam.

291 1707 455 1769 Capit.
474 1706 612 1754 Ecce
622 1706 799 1769 Virgo,
812 1706 920 1755 390.

303 1778 366 1838 R.
392 1778 467 1825 br.
498 1776 682 1838 Specie
699 1785 786 1824 tua
808 1779 836 1811 *²
853 1777 922 1824 Et

240 1846 625 1909 pulchritudine
655 1854 757 1896 tua.
796 1847 922 1909 Spe-

240 1917 330 1964 cie.
356 1915 659 1976 YJntende,
674 1916 922 1978 prespere

239 1985 483 2048 procede,
528 1991 575 2032 et
618 1997 789 2046 regna.
854 1984 923 2032 Et

240 2054 622 2118 pulchritudine
645 2063 747 2103 tua.
797 2054 921 2105 Gle-

243 2126 320 2174 ria
344 2127 503 2174 Patri.
538 2125 738 2188 Specie.

287 2202 326 2251 Y
338 2236 346 2244 .
366 2196 648 2255 Adiuvabit
659 2209 767 2243 eam
779 2195 923 2244 Deus

241 2265 391 2311 vultu
422 2279 534 2312 suo,
599 2268 660 2327 Rg.
694 2266 838 2313 Deus
869 2267 924 2314 in

243 2332 410 2379 medio
434 2332 557 2391 ejuS‚
575 2347 679 2381 non
700 2349 921 2384 commo-

241 2400 461 2448 vehitur.

277 2474 452 2533 Temp.
467 2474 649 2522 Pasch.
663 2476 723 2535 Ru
738 2476 814 2524 br.
828 2474 923 2534 [56]

1149 308 1224 346 Ad
1253 307 1465 346 Sextum.

1002 372 1309 434 Capitulum.
1378 372 1504 419 Luc.
1522 373 1618 417 1.d.

1075 454 1183 502 abit
1255 454 1332 501 illi
1394 454 1654 503 Deminus

1104 525 1250 572 Deus
1279 524 1450 573 sedem
1480 524 1656 573 David

972 594 1136 657 patris
1167 594 1300 654 ejus:
1336 603 1384 642 et
1415 596 1657 658 regnabit

971 665 1026 712 in
1049 663 1202 712 domo
1226 664 1392 713 Jacob
1424 666 1478 713 in
1512 664 1657 712 aeter-

972 749 1118 794 num,
1152 741 1202 782 et
1232 735 1377 796 regni
1410 735 1517 795 ejus
1552 749 1658 782 non

974 805 1070 852 erit
1101 804 1233 852 finis.

1036 884 1097 944 R.
1112 885 1188 930 br.
1207 883 1490 944 Adjuvebit
1506 885 1654 933 cami²

974 955 1117 1003 Deus
1135 954 1284 1003 vultu
1301 968 1410 1002 suo,
1430 954 1660 1014 Adjuva-

975 1025 1066 1073 bit.
1128 1026 1191 1077 Y.
1222 1025 1364 1072 Deus
1399 1025 1454 1071 in
1487 1026 1658 1074 medio

976 1095 1099 1155 ejuS,
1111 1110 1214 1143 non
1233 1094 1658 1144 commovebitur.

973 1166 1132 1215 Deus,
1151 1165 1344 1214 Gleria.
1359 1165 1657 1224 Adiuvabit.

1036 1248 1100 1300 Y.
1143 1246 1315 1308 Elegit
1355 1258 1465 1293 eam
1498 1245 1657 1306 DeuS,

974 1325 1024 1365 et
1045 1317 1308 1379 praeelegit
1330 1329 1455 1363 eam.
1490 1315 1551 1374 R.
1594 1315 1658 1364 In

974 1386 1309 1436 tabernaculo
1363 1400 1456 1434 suo
1510 1385 1656 1434 habi-

974 1457 1084 1504 tare
1118 1456 1242 1505 facit
1274 1470 1400 1504 eam.

1006 1533 1182 1594 Temp.
1196 1532 1378 1580 Paseh.
1394 1531 1458 1591 R.
1472 1530 1547 1576 br.
1558 1527 1656 1587 [57]

1160 1619 1236 1657 Ad
1262 1619 1473 1657 Nonam.

1099 1834 1272 1882 radice
1293 1834 1328 1882 J
1331 1847 1454 1892 esse,
1489 1841 1537 1881 et
1560 1833 1657 1881 flos

977 1904 1040 1953 de
1061 1904 1233 1952 radice
1266 1904 1372 1963 ejus
1402 1903 1658 1952 ascendet.

977 1975 1045 2023 Et
1066 1974 1350 2035 requiescet
1369 1987 1524 2035 super
1541 1987 1658 2021 eum

979 2044 1203 2106 Spiritus
1224 2043 1453 2092 Demini.

1040 2128 1099 2173 Κ.
1116 2128 1188 2174 br.
1205 2123 1375 2186 Elegit
1387 2123 1655 2182 eamDeuS,

976 2199 1005 2230 *²
1023 2194 1094 2241 Et
1110 2193 1373 2255 praeelegit
1390 2206 1515 2241 eam.
1537 2192 1657 2241 Ele-

977 2265 1068 2326 git.
1138 2269 1199 2320 Y.
1233 2264 1296 2310 In
1323 2263 1657 2312 tabernaculo

979 2349 1072 2383 suo
1104 2333 1336 2381 habitare
1369 2333 1492 2382 facit
1530 2348 1660 2382 eam.

980 2406 1047 2453 Et
1067 2402 1331 2467 praeelegit
1353 2416 1480 2452 eam.
1536 2405 1659 2453 Gle—

979 2476 1055 2522 ria
1079 2473 1238 2521 Patri.
1272 2473 1459 2534 Elegit.
