1954 2779
435 202 709 252 Purissimi
731 206 912 253 Cordis
932 206 990 253 B.
1009 204 1078 253 M.
1097 206 1156 253 V.
1177 233 1195 241 -
1215 211 1256 253 1.
1277 218 1326 255 et
1343 212 1385 255 3.
1406 210 1544 271 Sept.

365 319 446 366 Sit
466 318 580 365 laus
596 317 741 366 Patri
762 331 876 365 eum
889 318 974 366 Fi·

500 387 588 450 lie,

300 459 369 506 Et
391 456 586 519 Spiritu
607 458 881 519 Paraclito,

296 527 516 590 Tibique
539 538 714 577 saneta
738 527 981 590 TrinitaS‚

296 597 448 646 Nunc
489 607 539 646 et
569 613 664 662 per
697 614 846 648 omne
889 601 983 649 ste-

502 669 688 719 culum.
721 672 904 719 Amen.

352 731 418 791 V.
436 739 619 802 Specie
642 749 743 790 tua.

362 808 444 855 Ad
474 809 687 872 Magnis.
707 812 826 859 Ant.
858 811 982 858 Veni

293 893 481 942 sponsa
508 881 714 930 Christi.

539 952 735 999 Oratio.

304 1010 503 1141 DeuS,
526 1019 614 1080 qui
630 1018 829 1067 illibata
850 1034 981 1084 prae·

418 1089 592 1137 cordia
622 1089 784 1136 bedtae
809 1089 981 1150 Virgi-

294 1159 374 1207 nis
386 1157 628 1219 Teresiae‚
644 1173 846 1221 sponsae
862 1169 979 1223 tuae,

293 1229 454 1288 ignito
471 1229 639 1290 jaculo
661 1228 977 1290 transfixisti,

295 1307 345 1346 et
359 1298 581 1359 caritatis
593 1298 852 1347 victimam
869 1315 980 1348 eon·

292 1369 524 1418 sem-aisti:
547 1370 669 1433 ,ipsa
701 1370 979 1420 interveni-

288 1440 404 1488 ente
439 1440 688 1501 coneede3
728 1449 783 1489 ut
819 1444 974 1490 corda

285 1518 462 1559 nostra
477 1512 660 1559 ardore
679 1512 841 1560 sancti
860 1511 975 1574 Spi-

286 1582 414 1629 ritus
451 1581 707 1644 ferveant,
747 1592 796 1631 et
834 1590 882 1630 te
920 1584 974 1629 in

287 1651 526 1698 omnibus
580 1665 736 1713 super
804 1652 974 1700 omnia

291 1719 532 1779 diligant:
559 1722 658 1779 Qui.
679 1722 814 1769 vivis
829 1758 840 1770 .
857 1758 870 1771 .
886 1758 899 1771 .
920 1724 972 1770 in

286 1791 479 1838 unitate
493 1790 718 1852 ejusdem
736 1791 973 1853 Spiritus,

352 1860 436 1906 Ad
447 1860 651 1909 Laudes
669 1872 715 1911 et
729 1865 781 1912 in
790 1866 862 1915 ΙΙ.
874 1868 972 1916 Ve-

289 1921 454 1982 speris
476 1921 671 1984 Hymn.
704 1925 860 1984 Regis
891 1939 973 1974 su-

291 1983 454 2045 perni.
485 1993 540 2030 ut
564 1985 617 2032 in
641 1987 683 2035 I.
708 1988 971 2051 Vesperis.

285 2073 564 2122 Dominiea
585 2083 703 2137 post
723 2074 972 2122 Octavam
999 2079 1002 2108 1

368 2147 636 2208 Assumpt.
656 2144 718 2193 B.
739 2144 812 2193 M.
833 2144 897 2194 V.
999 2133 1002 2198 ἶ

347 2215 666 2269 Pul-issimi
698 2216 902 2269 Gordis
999 2213 1002 2278 k

440 2288 504 2339 B.
527 2288 727 2340 Mariae
752 2287 818 2339 V.
997 2293 1002 2348 ᾇ

375 2352 631 2412 Duplex
666 2355 878 2414 majus,
997 2365 1002 2416 γ

348 2431 531 2478 Omnia
572 2440 627 2478 ut
668 2433 802 2479 inter
845 2435 972 2482 festa

284 2505 377 2552 pro
401 2492 555 2553 aliqu.
574 2493 672 2541 loc.
691 2495 802 2542 ead.
822 2497 970 2542 Dom.
999 2547 1000 2552 ¹

1624 209 1720 255 31*

1118 320 1219 367 Die
1241 322 1288 368 1.
1308 320 1644 382 Septembris,

1036 391 1097 445 S.
1113 392 1149 444 J
1152 392 1361 454 osephi
1376 391 1719 446 Galasanct.

1214 463 1555 511 ConfessoriS.

1136 542 1361 604 Duplex.
1385 542 1472 603 (m.
1498 550 1532 589 t.
1556 543 1627 601 v.)

1100 622 1280 671 Oratio
1316 630 1371 669 ut
1404 624 1456 668 in
1487 623 1723 670 Diurnali

1038 685 1120 731 die
1144 686 1219 731 27.
1243 686 1480 744 Augusti.

1098 746 1164 793 Et
1184 745 1238 792 fit
1258 760 1440 795 comm.
1461 745 1512 794 S.
1529 747 1724 806 AEgidii

1037 806 1172 852 Abb.
1197 809 1339 866 (Ant.
1365 816 1412 853 et
1438 806 1499 862 X'.
1523 808 1721 855 varian-

1037 870 1139 928 tur)
1174 876 1221 914 et
1244 867 1352 914 XII
1374 868 1543 916 Fratr.
1573 868 1724 917 Mart.

1118 973 1216 1020 Die
1238 973 1283 1022 3.
1309 972 1643 1035 Septembris·

1038 1044 1101 1095 B.
1123 1043 1325 1095 Mariae
1344 1043 1507 1106 virg.
1530 1043 1721 1097 divini

1106 1112 1378 1165 Pastoris
1409 1114 1641 1167 Matris.

1174 1192 1382 1254 Duplex
1408 1195 1584 1253 majus.

1098 1271 1282 1319 Omnia
1346 1281 1401 1319 ut
1461 1272 1516 1317 in
1575 1272 1718 1320 festis

1037 1332 1094 1379 Β.
1131 1333 1199 1378 M.
1237 1333 1297 1381 V.
1329 1348 1421 1395 per
1454 1348 1659 1380 annum.

1280 1423 1474 1472 Oratio.

1144 1487 1313 1535 omine
1334 1486 1465 1535 Jesu
1498 1488 1717 1551 Christe,

1152 1558 1340 1605 Pastor
1351 1559 1500 1620 bone,
1520 1561 1606 1622 qui
1621 1576 1716 1623 pro

1030 1628 1214 1677 ovibus
1245 1628 1345 1675 tuis
1378 1628 1599 1677 animam
1632 1631 1716 1677 de-

1031 1698 1181 1758 disti,
1225 1712 1422 1760 nosque
1464 1699 1713 1761 populum

1028 1777 1196 1831 tuum,
1246 1777 1296 1815 et
1343 1783 1466 1817 oves
1511 1769 1715 1832 paseuae

1028 1849 1128 1886 tuae
1185 1840 1238 1887 in
1291 1853 1442 1888 cruce
1483 1841 1716 1902 pendens

1028 1909 1183 1957 Matri
1218 1909 1424 1969 Virgini
1459 1924 1713 1957 commen-

1029 1979 1185 2026 dasti:
1224 1981 1337 2042 ipsa
1373 1979 1717 2027 intervenien-

1028 2057 1076 2097 te
1100 2050 1348 2109 concede3
1385 2059 1440 2097 ut
1462 2057 1511 2097 te
1533 2049 1715 2097 Pasto-

1027 2134 1134 2167 rem
1169 2128 1403 2168 nostrum
1443 2119 1716 2182 sequentes

1027 2189 1079 2235 in
1113 2191 1286 2251 terriS,
1330 2189 1395 2237 ad
1426 2190 1617 2252 pascua
1651 2203 1715 2236 ae-

1030 2260 1186 2307 ternae
1219 2259 1337 2307 vitae
1372 2260 1715 2322 perducemur

1029 2330 1081 2376 in
1122 2329 1293 2377 coelis:
1341 2329 1440 2387 Qui
1482 2330 1616 2377 vivis
1665 2338 1714 2376 et

1028 2412 1229 2459 regnaS.

1265 2501 1474 2508 ...—
