1954 2779
244 214 336 263 326

246 330 276 363 '¹‘
311 330 456 391 cujus
487 330 631 378 filius
673 330 784 377 est‘?
837 329 929 377 Di·

247 409 369 448 cunt
411 401 457 449 ei
500 413 701 447 omnes:
741 399 929 447 David.

164 525 168 529 ,
246 471 388 519 Dicit
442 472 516 518 eis
559 470 741 519 Jesus:
796 469 931 528 Quo-

247 541 399 589 modo
431 540 606 587 David
645 540 700 587 in
745 540 930 601 spiritu

247 618 412 664 vocat¹
464 624 579 657 eum
630 609 929 669 Dominum,

246 680 446 727 dicens:
495 680 643 727 Dixit
676 679 931 727 Dominus

246 749 471 797 Domino
526 763 666 797 meo:
720 749 850 798 Sede
902 763 931 796 a

248 820 442 867 dextris
463 820 625 867 meis?

315 885 677 950 VsDirigdtur
706 888 931 937 Domine

250 962 414 1010 oratio
437 962 563 1009 mea'.
594 961 659 1022 Rz.
690 961 834 1010 Sicut
856 961 931 1007 in-

248 1033 458 1080 censum
471 1033 523 1080 in
536 1031 815 1093 conspectu
827 1038 933 1078 tuo.

284 1152 638 1211 Dominica
661 1150 896 1210 XVIII.

251 1243 414 1293 post
447 1225 930 1280 Pentecosten.

492 1313 685 1359 Oratio.

353 1382 504 1443 irigat
533 1381 709 1430 corda
739 1386 933 1438 nostra,

382 1453 675 1513 quaesumus
696 1451 932 1509 Domine,

250 1532 351 1571 tuae
380 1521 723 1570 miserationis
756 1522 933 1583 oper-4-

252 1595 349 1642 tio:
371 1594 492 1654 quia
512 1593 608 1640 tibi
631 1593 742 1640 sine
759 1600 807 1639 te
826 1592 933 1654 pla-

250 1665 365 1712 cere
385 1678 491 1712 non
512 1663 803 1725 possumus,
833 1662 935 1710 Per

249 1735 529 1783 Dominum
552 1742 801 1782 nostrum.

315 1808 394 1853 Ad
418 1807 605 1854 Bened.
636 1809 753 1854 Ant.
787 1804 934 1852 Dixit

248 1872 503 1920 Dominus
546 1872 575 1904 '¹‘
616 1873 931 1934 paralytico:

253 1941 470 1990 Confide
491 1941 580 2003 fili,
605 1943 934 1991 remittuntur

251 2011 346 2059 tibi
369 2011 580 2072 peccata
601 2021 703 2062 tua.

314 2085 378 2137 Y.
407 2082 662 2130 Dominus
683 2082 933 2143 regnavit,

253 2152 487 2200 decorem
518 2152 698 2200 induit.
753 2154 812 2213 R.
849 2152 932 2199 In·

252 2223 361 2269 duit
390 2222 644 2270 Dominus
675 2221 933 2270 fortitudi-

249 2302 379 2348 nem,
400 2298 447 2337 et
471 2292 739 2352 praecinxit
762 2305 816 2339 se
834 2294 934 2341 vir·

250 2358 372 2406 tute.
451 2358 456 2363 '

313 2434 391 2479 Ad
412 2434 624 2493 Magnis.
645 2435 762 2478 Ant.
789 2431 932 2478 Tulit

250 2509 371 2556 ergo
420 2499 450 2530 ³¹⁸
497 2496 814 2557 paralyticus
861 2499 930 2546 le-

613 219 896 266 ‘Orationcs
922 225 968 263 et
992 216 1315 277 Antiphonae¹

989 338 1125 377 ctum
1158 342 1330 388 suum,
1373 329 1428 374 in
1460 340 1563 387 quo
1599 328 1670 387 ja-

988 399 1157 457 cebat,
1203 397 1535 459 magnificans
1568 397 1671 444 De-

988 484 1100 516 um:
1131 476 1181 515 et
1212 468 1378 516 omnis
1414 467 1578 529 plebS,
1617 476 1673 515 ut

988 538 1132 598 vidit,
1157 538 1296 584 dedit
1319 537 1522 584 laudem
1539 537 1670 586 De0.

1040 609 1103 660 V.
1132 608 1476 668 Dirigziturmt
1494 622 1667 667 supra.

1050 727 1406 788 Dominica
1439 727 1612 786 XIX.

1004 821 1154 872 post
1188 812 1653 859 Pentecosten.

1233 892 1428 938 Oratio,

1082 958 1373 1019 mnipotens
1405 965 1454 1004 et
1477 958 1675 1005 miseri-

1113 1042 1230 1076 cors
1251 1027 1409 1086 DeuS,
1433 1028 1677 1075 universa

989 1098 1141 1146 nobis
1157 1097 1483 1145 adversantia
1500 1098 1676 1159 propi-

990 1169 1146 1216 tiatus
1169 1168 1407 1215 exclude:
1425 1175 1483 1214 ut
1505 1175 1673 1214 mente

990 1247 1038 1287 et
1060 1239 1277 1301 corpore
1302 1238 1497 1300 patiter
1517 1251 1670 1299 expe-

989 1309 1097 1369 diti,
1116 1322 1231 1370 quae
1242 1317 1330 1356 tua
1346 1316 1480 1367 sunt,
1495 1306 1675 1355 liberis

990 1380 1247 1428 mentibus
1316 1378 1675 1440 exsequamur.

990 1451 1092 1499 Per
1112 1450 1392 1498 Dominum
1422 1457 1673 1497 nostrum.

1053 1521 1131 1566 Ad
1174 1520 1362 1568 Bened.
1407 1523 1524 1567 Ant.
1580 1519 1674 1567 Di-

993 1591 1089 1638 cite
1142 1591 1398 1637 invitzitis:
1455 1591 1483 1623 '¹‘
1535 1588 1673 1636 Ecce

991 1660 1265 1722 prdndium
1286 1674 1454 1707 meum
1477 1659 1674 1721 pardvi,

990 1730 1160 1778 venite
1194 1730 1259 1778 ad
1290 1729 1518 1792 nuptiaS‚
1552 1728 1674 1776 alle-

990 1800 1112 1861 luja.

1040 1872 1103 1923 Y.
1135 1871 1402 1919 Dominus.
1421 1880 1475 1916 ut
1493 1886 1666 1931 supra.

1047 1942 1127 1988 Ad
1172 1941 1381 2001 Magnif.
1425 1942 1544 1988 Ant.
1590 1942 1677 1989 In-

993 2013 1149 2061 traeivit
1181 2021 1347 2060 autem
1382 2012 1520 2071 Rex,
1556 2013 1585 2045 *
1619 2020 1676 2061 ut

992 2083 1187 2131 videret
1203 2082 1605 2132 discumbentes:
1624 2092 1674 2133 et

991 2153 1122 2200 vidit
1161 2153 1234 2201 ibi
1276 2153 1534 2201 hominem
1567 2167 1672 2202 non

990 2223 1231 2271 vestitum
1265 2230 1406 2269 veste
1437 2224 1675 2285 nuptieili,

990 2301 1039 2340 et
1071 2294 1141 2341 ait
1175 2293 1280 2341 illi:
1321 2292 1515 2353 Amice,
1549 2294 1676 2354 quo-

989 2363 1142 2410 modo
1178 2363 1279 2411 huc
1316 2364 1535 2424 intrasti,
1571 2378 1677 2412 non

988 2432 1183 2480 habens
1228 2442 1420 2482 vestem
1470 2434 1677 2496 nuptia—

987 2501 1125 2549 lem?
