<?xml version="1.0" encoding="UTF-8"?>
<!DOCTYPE html PUBLIC "-//W3C//DTD XHTML 1.0 Transitional//EN"
    "http://www.w3.org/TR/xhtml1/DTD/xhtml1-transitional.dtd">
<html xmlns="http://www.w3.org/1999/xhtml" xml:lang="en" lang="en">
 <head>
  <title>
</title>
<meta http-equiv="Content-Type" content="text/html;charset=utf-8" />
  <meta name='ocr-system' content='tesseract 3.04.00' />
  <meta name='ocr-capabilities' content='ocr_page ocr_carea ocr_par ocr_line ocrx_word'/>
</head>
<body>
  <div class='ocr_page' id='page_1' title='image "./horaediurnaebre00unkngoog_0460.png"; bbox 0 0 1954 2779; ppageno 0'>
   <div class='ocr_carea' id='block_1_1' title="bbox 208 299 1757 2630">
    <p class='ocr_par' dir='ltr' id='par_1_1' title="bbox 208 299 1757 2630">
     <span class='ocr_line' id='line_1_1' title="bbox 209 299 986 495; baseline 0 -22"><span class='ocrx_word' id='word_1_1' title='bbox 209 299 225 495; x_wconf 95' lang='lat' dir='ltr'>   </span> <span class='ocrx_word' id='word_1_2' title='bbox 972 376 986 495; x_wconf 95' lang='lat' dir='ltr'>  </span> 
     </span>
     <span class='ocr_line' id='line_1_2' title="bbox 209 495 986 726; baseline 0.001 -166"><span class='ocrx_word' id='word_1_3' title='bbox 209 495 224 726; x_wconf 95' lang='lat' dir='ltr'>     </span> <span class='ocrx_word' id='word_1_4' title='bbox 972 495 986 633; x_wconf 95' lang='lat' dir='ltr'>   </span> 
     </span>
     <span class='ocr_line' id='line_1_3' title="bbox 208 726 223 957; baseline 0 -133"><span class='ocrx_word' id='word_1_5' title='bbox 208 726 223 957; x_wconf 95' lang='lat' dir='ltr'>   </span> 
     </span>
     <span class='ocr_line' id='line_1_4' title="bbox 208 957 223 1197; baseline 0 -127"><span class='ocrx_word' id='word_1_6' title='bbox 208 957 223 1197; x_wconf 95' lang='lat' dir='ltr'>     </span> 
     </span>
     <span class='ocr_line' id='line_1_5' title="bbox 208 1198 224 1530; baseline 0 -265"><span class='ocrx_word' id='word_1_7' title='bbox 208 1198 224 1530; x_wconf 95' lang='lat' dir='ltr'>     </span> 
     </span>
     <span class='ocr_line' id='line_1_6' title="bbox 209 1530 224 1816; baseline 0 -101"><span class='ocrx_word' id='word_1_8' title='bbox 209 1530 224 1816; x_wconf 95' lang='lat' dir='ltr'>     </span> 
     </span>
     <span class='ocr_line' id='line_1_7' title="bbox 209 1816 225 2043; baseline 0 -143"><span class='ocrx_word' id='word_1_9' title='bbox 209 1816 225 2043; x_wconf 95' lang='lat' dir='ltr'>     </span> 
     </span>
     <span class='ocr_line' id='line_1_8' title="bbox 209 2043 224 2188; baseline 0 -91"><span class='ocrx_word' id='word_1_10' title='bbox 209 2043 224 2188; x_wconf 95' lang='lat' dir='ltr'>   </span> 
     </span>
     <span class='ocr_line' id='line_1_9' title="bbox 209 2188 224 2385; baseline 0 -54"><span class='ocrx_word' id='word_1_11' title='bbox 209 2188 224 2385; x_wconf 95' lang='lat' dir='ltr'>     </span> 
     </span>
     <span class='ocr_line' id='line_1_10' title="bbox 209 2385 224 2475; baseline 0 -24"><span class='ocrx_word' id='word_1_12' title='bbox 209 2385 224 2475; x_wconf 95' lang='lat' dir='ltr'>   </span> 
     </span>
     <span class='ocr_line' id='line_1_11' title="bbox 209 2475 1757 2630; baseline 0 -66"><span class='ocrx_word' id='word_1_13' title='bbox 209 2475 1757 2630; x_wconf 95' lang='lat' dir='ltr'>    </span> <span class='ocrx_word' id='word_1_14' title='bbox 1413 2564 1757 2601; x_wconf 95' lang='lat' dir='ltr'> </span> 
     </span>
    </p>
   </div>
   <div class='ocr_carea' id='block_1_2' title="bbox 649 217 1311 264">
    <p class='ocr_par' dir='ltr' id='par_1_2' title="bbox 649 217 1311 264">
     <span class='ocr_line' id='line_1_12' title="bbox 649 217 1311 264; baseline 0 -2"><span class='ocrx_word' id='word_1_15' title='bbox 649 217 800 262; x_wconf 76' lang='lat' dir='ltr'>Festa</span> <span class='ocrx_word' id='word_1_16' title='bbox 837 217 1159 264; x_wconf 72' lang='lat' dir='ltr'>Novembris,</span> <span class='ocrx_word' id='word_1_17' title='bbox 1195 218 1311 263; x_wconf 58' lang='lat'>1:502)</span> 
     </span>
    </p>
   </div>
   <div class='ocr_carea' id='block_1_3' title="bbox 209 166 1682 376">
    <p class='ocr_par' dir='ltr' id='par_1_3' title="bbox 209 166 1682 376">
     <span class='ocr_line' id='line_1_13' title="bbox 209 166 1682 376; baseline 0 -6"><span class='ocrx_word' id='word_1_18' title='bbox 209 166 649 299; x_wconf 95' lang='lat' dir='ltr'>  </span> <span class='ocrx_word' id='word_1_19' title='bbox 952 299 1682 376; x_wconf 95' lang='lat' dir='ltr'>   </span> <span class='ocrx_word' id='word_1_20' title='bbox 1520 314 1682 370; x_wconf 95' lang='lat' dir='ltr'> </span> 
     </span>
    </p>
   </div>
   <div class='ocr_carea' id='block_1_4' title="bbox 1183 333 1520 371">
    <p class='ocr_par' dir='ltr' id='par_1_4' title="bbox 1183 333 1520 371">
     <span class='ocr_line' id='line_1_14' title="bbox 1183 333 1520 371; baseline 0 -1"><span class='ocrx_word' id='word_1_21' title='bbox 1183 333 1257 370; x_wconf 82' lang='lat' dir='ltr'>Ad</span> <span class='ocrx_word' id='word_1_22' title='bbox 1288 333 1520 371; x_wconf 75' lang='lat' dir='ltr'><strong>Tertiam.</strong></span> 
     </span>
    </p>
   </div>
   <div class='ocr_carea' id='block_1_5' title="bbox 1007 401 1694 740">
    <p class='ocr_par' dir='ltr' id='par_1_5' title="bbox 1007 401 1694 740">
     <span class='ocr_line' id='line_1_15' title="bbox 1072 401 1694 464; baseline -0.002 -13"><span class='ocrx_word' id='word_1_23' title='bbox 1072 405 1236 464; x_wconf 75' lang='lat' dir='ltr'>Capit.</span> <span class='ocrx_word' id='word_1_24' title='bbox 1256 402 1487 448; x_wconf 77' lang='lat' dir='ltr'><strong>Fratres:</strong></span> <span class='ocrx_word' id='word_1_25' title='bbox 1508 401 1694 450; x_wconf 87' lang='lat' dir='ltr'>Corde.</span> 
     </span>
     <span class='ocr_line' id='line_1_16' title="bbox 1074 471 1692 531; baseline 0 -13"><span class='ocrx_word' id='word_1_26' title='bbox 1074 471 1133 531; x_wconf 56' lang='lat' dir='ltr'>Ru</span> <span class='ocrx_word' id='word_1_27' title='bbox 1158 472 1233 516; x_wconf 75' lang='lat' dir='ltr'>br.</span> <span class='ocrx_word' id='word_1_28' title='bbox 1268 471 1330 518; x_wconf 91' lang='lat' dir='ltr'>In</span> <span class='ocrx_word' id='word_1_29' title='bbox 1357 484 1556 518; x_wconf 89' lang='lat' dir='ltr'>omnem</span> <span class='ocrx_word' id='word_1_30' title='bbox 1592 479 1692 518; x_wconf 89' lang='lat' dir='ltr'>ter-</span> 
     </span>
     <span class='ocr_line' id='line_1_17' title="bbox 1008 540 1694 590; baseline 0.004 -3"><span class='ocrx_word' id='word_1_31' title='bbox 1008 555 1118 588; x_wconf 90' lang='lat' dir='ltr'>ram</span> <span class='ocrx_word' id='word_1_32' title='bbox 1146 540 1174 571; x_wconf 61' lang='lat'>³³⁶</span> <span class='ocrx_word' id='word_1_33' title='bbox 1208 541 1386 590; x_wconf 80' lang='lat' dir='ltr'>Exivit</span> <span class='ocrx_word' id='word_1_34' title='bbox 1420 555 1577 589; x_wconf 91' lang='lat' dir='ltr'>sonus</span> <span class='ocrx_word' id='word_1_35' title='bbox 1610 542 1694 590; x_wconf 80' lang='lat' dir='ltr'>eo-</span> 
     </span>
     <span class='ocr_line' id='line_1_18' title="bbox 1007 612 1691 664; baseline 0.001 -5"><span class='ocrx_word' id='word_1_36' title='bbox 1007 626 1138 659; x_wconf 89' lang='lat' dir='ltr'>rum.</span> <span class='ocrx_word' id='word_1_37' title='bbox 1156 613 1217 660; x_wconf 90' lang='lat' dir='ltr'>In</span> <span class='ocrx_word' id='word_1_38' title='bbox 1233 625 1450 660; x_wconf 88' lang='lat' dir='ltr'>omnem.</span> <span class='ocrx_word' id='word_1_39' title='bbox 1468 614 1531 664; x_wconf 62' lang='grc' dir='ltr'>Υ.</span> <span class='ocrx_word' id='word_1_40' title='bbox 1554 612 1622 659; x_wconf 84' lang='lat' dir='ltr'>Et</span> <span class='ocrx_word' id='word_1_41' title='bbox 1636 614 1691 660; x_wconf 88' lang='lat' dir='ltr'>in</span> 
     </span>
     <span class='ocr_line' id='line_1_19' title="bbox 1007 681 1691 740; baseline 0.004 -12"><span class='ocrx_word' id='word_1_42' title='bbox 1007 681 1134 740; x_wconf 86' lang='lat' dir='ltr'>fines</span> <span class='ocrx_word' id='word_1_43' title='bbox 1169 682 1310 729; x_wconf 80' lang='lat' dir='ltr'>orbis</span> <span class='ocrx_word' id='word_1_44' title='bbox 1348 689 1497 730; x_wconf 87' lang='lat' dir='ltr'>terrae</span> <span class='ocrx_word' id='word_1_45' title='bbox 1530 683 1691 731; x_wconf 79' lang='lat' dir='ltr'>verba</span> 
     </span>
    </p>
   </div>
   <div class='ocr_carea' id='block_1_6' title="bbox 265 328 953 742">
    <p class='ocr_par' dir='ltr' id='par_1_6' title="bbox 265 328 952 449">
     <span class='ocr_line' id='line_1_20' title="bbox 267 328 952 392; baseline -0.001 -15"><span class='ocrx_word' id='word_1_46' title='bbox 267 344 384 378; x_wconf 89' lang='lat' dir='ltr'>cum</span> <span class='ocrx_word' id='word_1_47' title='bbox 440 328 756 378; x_wconf 57' lang='lat' dir='ltr'>aromatibus</span> <span class='ocrx_word' id='word_1_48' title='bbox 810 343 952 392; x_wconf 87' lang='lat' dir='ltr'>sepe-</span> 
     </span>
     <span class='ocr_line' id='line_1_21' title="bbox 265 400 399 449; baseline 0.015 -2"><span class='ocrx_word' id='word_1_49' title='bbox 265 400 399 449; x_wconf 81' lang='lat' dir='ltr'>livit.</span> 
     </span>
    </p>

    <p class='ocr_par' dir='ltr' id='par_1_7' title="bbox 266 470 953 742">
     <span class='ocr_line' id='line_1_22' title="bbox 334 470 953 530; baseline -0.002 -12"><span class='ocrx_word' id='word_1_50' title='bbox 334 474 378 519; x_wconf 73' lang='grc' dir='ltr'>ἴ).</span> <span class='ocrx_word' id='word_1_51' title='bbox 401 471 496 528; x_wconf 79' lang='lat' dir='ltr'>Qui</span> <span class='ocrx_word' id='word_1_52' title='bbox 514 470 953 530; x_wconf 61' lang='lat' dir='ltr'>persequebamur</span> 
     </span>
     <span class='ocr_line' id='line_1_23' title="bbox 266 539 952 602; baseline -0.006 -13"><span class='ocrx_word' id='word_1_53' title='bbox 266 542 471 602; x_wconf 85' lang='lat' dir='ltr'>justum,</span> <span class='ocrx_word' id='word_1_54' title='bbox 498 542 526 574; x_wconf 73' lang='lat'>&#39;¹‘</span> <span class='ocrx_word' id='word_1_55' title='bbox 550 539 836 587; x_wconf 80' lang='lat' dir='ltr'>demersisti</span> <span class='ocrx_word' id='word_1_56' title='bbox 865 551 952 587; x_wconf 88' lang='lat' dir='ltr'>eos</span> 
     </span>
     <span class='ocr_line' id='line_1_24' title="bbox 268 610 953 670; baseline 0.001 -12"><span class='ocrx_word' id='word_1_57' title='bbox 268 611 492 658; x_wconf 81' lang='lat' dir='ltr'>Domine</span> <span class='ocrx_word' id='word_1_58' title='bbox 537 610 590 658; x_wconf 92' lang='lat' dir='ltr'>in</span> <span class='ocrx_word' id='word_1_59' title='bbox 629 610 853 670; x_wconf 72' lang='lat' dir='ltr'>inferne,</span> <span class='ocrx_word' id='word_1_60' title='bbox 903 620 953 659; x_wconf 91' lang='lat' dir='ltr'>et</span> 
     </span>
     <span class='ocr_line' id='line_1_25' title="bbox 270 680 950 742; baseline 0 -13"><span class='ocrx_word' id='word_1_61' title='bbox 270 683 323 729; x_wconf 92' lang='lat' dir='ltr'>in</span> <span class='ocrx_word' id='word_1_62' title='bbox 349 681 491 742; x_wconf 84' lang='lat' dir='ltr'>ligno</span> <span class='ocrx_word' id='word_1_63' title='bbox 515 682 683 729; x_wconf 88' lang='lat' dir='ltr'>crucis</span> <span class='ocrx_word' id='word_1_64' title='bbox 705 680 811 729; x_wconf 83' lang='lat' dir='ltr'>dux</span> <span class='ocrx_word' id='word_1_65' title='bbox 830 682 950 741; x_wconf 89' lang='lat' dir='ltr'>justi</span> 
     </span>
    </p>
   </div>
   <div class='ocr_carea' id='block_1_7' title="bbox 976 601 982 754">
    <p class='ocr_par' dir='ltr' id='par_1_8' title="bbox 976 601 982 754">
     <span class='ocr_line' id='line_1_26' title="bbox 976 601 982 754; baseline 0 2025"><span class='ocrx_word' id='word_1_66' title='bbox 976 601 982 754; x_wconf 95' lang='lat' dir='ltr'> </span> 
     </span>
    </p>
   </div>
   <div class='ocr_carea' id='block_1_8' title="bbox 265 750 1693 956">
    <p class='ocr_par' dir='ltr' id='par_1_9' title="bbox 265 750 1693 956">
     <span class='ocr_line' id='line_1_27' title="bbox 268 750 1691 830; baseline 0.003 -33"><span class='ocrx_word' id='word_1_67' title='bbox 268 750 425 799; x_wconf 84' lang='lat' dir='ltr'>fuisti.</span> <span class='ocrx_word' id='word_1_68' title='bbox 976 751 1199 830; x_wconf 53' lang='lat' dir='ltr'>leorum.</span> <span class='ocrx_word' id='word_1_69' title='bbox 1262 752 1456 801; x_wconf 78' lang='lat' dir='ltr'>Exivit.</span> <span class='ocrx_word' id='word_1_70' title='bbox 1512 754 1691 801; x_wconf 74' lang='lat' dir='ltr'>Gloria</span> 
     </span>
     <span class='ocr_line' id='line_1_28' title="bbox 333 821 1542 912; baseline 0.002 -44"><span class='ocrx_word' id='word_1_71' title='bbox 333 823 643 883; x_wconf 71' lang='lat' dir='ltr'>Capitulum.</span> <span class='ocrx_word' id='word_1_72' title='bbox 713 824 948 870; x_wconf 77' lang='lat' dir='ltr'>Fratres:</span> <span class='ocrx_word' id='word_1_73' title='bbox 976 843 982 912; x_wconf 56' lang='grc' dir='ltr'>ι</span> <span class='ocrx_word' id='word_1_74' title='bbox 1007 821 1166 871; x_wconf 87' lang='lat' dir='ltr'>Patri.</span> <span class='ocrx_word' id='word_1_75' title='bbox 1230 823 1293 870; x_wconf 90' lang='lat' dir='ltr'>In</span> <span class='ocrx_word' id='word_1_76' title='bbox 1326 836 1542 871; x_wconf 89' lang='lat' dir='ltr'>omnem.</span> 
     </span>
     <span class='ocr_line' id='line_1_29' title="bbox 265 891 1693 956; baseline 0.002 -17"><span class='ocrx_word' id='word_1_77' title='bbox 265 892 450 940; x_wconf 88' lang='lat' dir='ltr'>Corde.</span> <span class='ocrx_word' id='word_1_78' title='bbox 480 891 586 939; x_wconf 85' lang='lat'><strong>333.</strong></span> <span class='ocrx_word' id='word_1_79' title='bbox 1052 891 1111 942; x_wconf 63' lang='lat' dir='ltr'>V.</span> <span class='ocrx_word' id='word_1_80' title='bbox 1141 893 1435 941; x_wconf 85' lang='lat' dir='ltr'>Constitues</span> <span class='ocrx_word' id='word_1_81' title='bbox 1453 907 1540 941; x_wconf 91' lang='lat' dir='ltr'>eos</span> <span class='ocrx_word' id='word_1_82' title='bbox 1555 894 1693 956; x_wconf 86' lang='lat' dir='ltr'>prin-</span> 
     </span>
    </p>
   </div>
   <div class='ocr_carea' id='block_1_9' title="bbox 259 941 1692 1587">
    <p class='ocr_par' dir='ltr' id='par_1_10' title="bbox 333 941 1692 1025">
     <span class='ocr_line' id='line_1_30' title="bbox 333 941 1692 1025; baseline 0.001 -15"><span class='ocrx_word' id='word_1_83' title='bbox 333 965 380 1010; x_wconf 86' lang='lat' dir='ltr'>H</span> <span class='ocrx_word' id='word_1_84' title='bbox 390 979 525 1025; x_wconf 71' lang='lat' dir='ltr'><strong>ymn.</strong></span> <span class='ocrx_word' id='word_1_85' title='bbox 555 961 805 1011; x_wconf 77' lang='lat' dir='ltr'>Exstiltet.</span> <span class='ocrx_word' id='word_1_86' title='bbox 828 963 893 1024; x_wconf 86' lang='lat'>[4]</span> <span class='ocrx_word' id='word_1_87' title='bbox 976 941 981 1010; x_wconf 86' lang='grc' dir='ltr'>Ι</span> <span class='ocrx_word' id='word_1_88' title='bbox 1009 962 1149 1023; x_wconf 85' lang='lat' dir='ltr'>cipes</span> <span class='ocrx_word' id='word_1_89' title='bbox 1172 977 1329 1025; x_wconf 87' lang='lat' dir='ltr'>super</span> <span class='ocrx_word' id='word_1_90' title='bbox 1359 977 1560 1010; x_wconf 89' lang='lat' dir='ltr'>omnem</span> <span class='ocrx_word' id='word_1_91' title='bbox 1592 972 1692 1011; x_wconf 89' lang='lat' dir='ltr'>ter-</span> 
     </span>
    </p>

    <p class='ocr_par' dir='ltr' id='par_1_11' title="bbox 262 1033 1690 1235">
     <span class='ocr_line' id='line_1_31' title="bbox 335 1033 1690 1088; baseline -0.001 -6"><span class='ocrx_word' id='word_1_92' title='bbox 335 1037 399 1088; x_wconf 64' lang='lat' dir='ltr'>Y.</span> <span class='ocrx_word' id='word_1_93' title='bbox 419 1034 874 1083; x_wconf 76' lang='lat' dir='ltr'>Annuntiaverunt</span> <span class='ocrx_word' id='word_1_94' title='bbox 896 1034 949 1080; x_wconf 89' lang='grc' dir='ltr'>ό-</span> <span class='ocrx_word' id='word_1_95' title='bbox 1006 1047 1132 1080; x_wconf 84' lang='lat' dir='ltr'>ram.</span> <span class='ocrx_word' id='word_1_96' title='bbox 1170 1033 1229 1078; x_wconf 74' lang='lat' dir='ltr'><strong>R</strong></span> <span class='ocrx_word' id='word_1_97' title='bbox 1254 1033 1509 1081; x_wconf 72' lang='lat' dir='ltr'>Memores</span> <span class='ocrx_word' id='word_1_98' title='bbox 1541 1042 1690 1081; x_wconf 88' lang='lat' dir='ltr'>erunt</span> 
     </span>
     <span class='ocr_line' id='line_1_32' title="bbox 262 1102 1586 1166; baseline 0.001 -15"><span class='ocrx_word' id='word_1_99' title='bbox 262 1118 387 1166; x_wconf 88' lang='lat' dir='ltr'>pera</span> <span class='ocrx_word' id='word_1_100' title='bbox 418 1104 532 1152; x_wconf 89' lang='lat' dir='ltr'>Dei.</span> <span class='ocrx_word' id='word_1_101' title='bbox 611 1107 670 1166; x_wconf 73' lang='lat' dir='ltr'>R.</span> <span class='ocrx_word' id='word_1_102' title='bbox 698 1103 766 1151; x_wconf 88' lang='lat' dir='ltr'>Et</span> <span class='ocrx_word' id='word_1_103' title='bbox 811 1103 949 1151; x_wconf 84' lang='lat' dir='ltr'>facta</span> <span class='ocrx_word' id='word_1_104' title='bbox 1008 1102 1231 1150; x_wconf 79' lang='lat' dir='ltr'>nominis</span> <span class='ocrx_word' id='word_1_105' title='bbox 1255 1104 1330 1150; x_wconf 91' lang='lat' dir='ltr'>tui</span> <span class='ocrx_word' id='word_1_106' title='bbox 1350 1102 1586 1152; x_wconf 81' lang='lat' dir='ltr'>Domine.</span> 
     </span>
     <span class='ocr_line' id='line_1_33' title="bbox 264 1174 1501 1235; baseline 0.002 -14"><span class='ocrx_word' id='word_1_107' title='bbox 264 1175 371 1235; x_wconf 91' lang='lat' dir='ltr'>ejus</span> <span class='ocrx_word' id='word_1_108' title='bbox 403 1174 779 1222; x_wconf 72' lang='lat' dir='ltr'>intellexerunt.</span> <span class='ocrx_word' id='word_1_109' title='bbox 1183 1184 1256 1221; x_wconf 85' lang='lat' dir='ltr'>Ad</span> <span class='ocrx_word' id='word_1_110' title='bbox 1286 1184 1501 1223; x_wconf 82' lang='lat' dir='ltr'>Sextam.</span> 
     </span>
    </p>

    <p class='ocr_par' dir='ltr' id='par_1_12' title="bbox 259 1241 1688 1587">
     <span class='ocr_line' id='line_1_34' title="bbox 336 1241 1623 1304; baseline 0.003 -19"><span class='ocrx_word' id='word_1_111' title='bbox 336 1246 412 1290; x_wconf 87' lang='lat' dir='ltr'>Ad</span> <span class='ocrx_word' id='word_1_112' title='bbox 443 1246 628 1291; x_wconf 80' lang='lat' dir='ltr'>Bened,</span> <span class='ocrx_word' id='word_1_113' title='bbox 667 1248 782 1292; x_wconf 76' lang='lat' dir='ltr'>Ant,</span> <span class='ocrx_word' id='word_1_114' title='bbox 819 1247 947 1292; x_wconf 83' lang='lat' dir='ltr'>Con-</span> <span class='ocrx_word' id='word_1_115' title='bbox 977 1297 981 1304; x_wconf 36' lang='grc'><strong>,</strong></span> <span class='ocrx_word' id='word_1_116' title='bbox 1071 1241 1235 1300; x_wconf 73' lang='lat' dir='ltr'>Capit.</span> <span class='ocrx_word' id='word_1_117' title='bbox 1320 1241 1469 1286; x_wconf 71' lang='lat' dir='ltr'>Rom.</span> <span class='ocrx_word' id='word_1_118' title='bbox 1496 1243 1561 1289; x_wconf 83' lang='lat'>10.</span> <span class='ocrx_word' id='word_1_119' title='bbox 1583 1259 1623 1289; x_wconf 88' lang='lat' dir='ltr'>C.</span> 
     </span>
     <span class='ocr_line' id='line_1_35' title="bbox 262 1313 1688 1437; baseline -0.001 -74"><span class='ocrx_word' id='word_1_120' title='bbox 262 1316 384 1363; x_wconf 73' lang='lat' dir='ltr'>cede</span> <span class='ocrx_word' id='word_1_121' title='bbox 405 1315 557 1362; x_wconf 89' lang='lat' dir='ltr'>nobis</span> <span class='ocrx_word' id='word_1_122' title='bbox 579 1314 836 1362; x_wconf 81' lang='lat' dir='ltr'>hominem</span> <span class='ocrx_word' id='word_1_123' title='bbox 871 1314 947 1375; x_wconf 89' lang='lat' dir='ltr'>ju·</span> <span class='ocrx_word' id='word_1_124' title='bbox 1013 1313 1183 1437; x_wconf 86' lang='lat' dir='ltr'>Non</span> <span class='ocrx_word' id='word_1_125' title='bbox 1225 1314 1357 1361; x_wconf 88' lang='lat' dir='ltr'>enim</span> <span class='ocrx_word' id='word_1_126' title='bbox 1401 1321 1476 1361; x_wconf 88' lang='lat' dir='ltr'>est</span> <span class='ocrx_word' id='word_1_127' title='bbox 1509 1314 1688 1362; x_wconf 84' lang='lat' dir='ltr'>distin-</span> 
     </span>
     <span class='ocr_line' id='line_1_36' title="bbox 265 1383 1688 1444; baseline 0 -10"><span class='ocrx_word' id='word_1_128' title='bbox 265 1395 415 1444; x_wconf 87' lang='lat' dir='ltr'>stum‚</span> <span class='ocrx_word' id='word_1_129' title='bbox 438 1385 593 1432; x_wconf 87' lang='lat' dir='ltr'>redde</span> <span class='ocrx_word' id='word_1_130' title='bbox 610 1385 763 1432; x_wconf 91' lang='lat' dir='ltr'>nobis</span> <span class='ocrx_word' id='word_1_131' title='bbox 784 1384 946 1433; x_wconf 78' lang='lat' dir='ltr'>homi·</span> <span class='ocrx_word' id='word_1_132' title='bbox 1131 1386 1231 1434; x_wconf 90' lang='lat' dir='ltr'>ctio</span> <span class='ocrx_word' id='word_1_133' title='bbox 1247 1384 1282 1433; x_wconf 83' lang='lat' dir='ltr'><strong>J</strong></span> <span class='ocrx_word' id='word_1_134' title='bbox 1284 1384 1414 1433; x_wconf 66' lang='lat' dir='ltr'>udaei</span> <span class='ocrx_word' id='word_1_135' title='bbox 1429 1392 1477 1432; x_wconf 92' lang='lat' dir='ltr'>et</span> <span class='ocrx_word' id='word_1_136' title='bbox 1491 1383 1688 1434; x_wconf 84' lang='lat' dir='ltr'>Graeci:</span> 
     </span>
     <span class='ocr_line' id='line_1_37' title="bbox 259 1455 1687 1505; baseline 0.001 -3"><span class='ocrx_word' id='word_1_137' title='bbox 259 1469 375 1502; x_wconf 88' lang='lat' dir='ltr'>nem</span> <span class='ocrx_word' id='word_1_138' title='bbox 403 1461 660 1501; x_wconf 87' lang='lat' dir='ltr'>sanctum:</span> <span class='ocrx_word' id='word_1_139' title='bbox 696 1467 759 1501; x_wconf 90' lang='lat' dir='ltr'>ne</span> <span class='ocrx_word' id='word_1_140' title='bbox 792 1455 947 1501; x_wconf 81' lang='lat' dir='ltr'>inter·</span> <span class='ocrx_word' id='word_1_141' title='bbox 1003 1471 1121 1503; x_wconf 84' lang='lat' dir='ltr'>nam</span> <span class='ocrx_word' id='word_1_142' title='bbox 1162 1457 1295 1503; x_wconf 89' lang='lat' dir='ltr'>idem</span> <span class='ocrx_word' id='word_1_143' title='bbox 1336 1456 1591 1505; x_wconf 78' lang='lat' dir='ltr'>Dominus</span> <span class='ocrx_word' id='word_1_144' title='bbox 1633 1456 1687 1504; x_wconf 88' lang='grc' dir='ltr'>ό-</span> 
     </span>
     <span class='ocr_line' id='line_1_38' title="bbox 260 1500 1686 1587; baseline 0 -14"><span class='ocrx_word' id='word_1_145' title='bbox 260 1526 407 1573; x_wconf 77' lang='lat' dir='ltr'>ficias</span> <span class='ocrx_word' id='word_1_146' title='bbox 435 1523 692 1571; x_wconf 81' lang='lat' dir='ltr'>hominem</span> <span class='ocrx_word' id='word_1_147' title='bbox 717 1524 830 1572; x_wconf 89' lang='lat' dir='ltr'>Deo</span> <span class='ocrx_word' id='word_1_148' title='bbox 865 1539 946 1572; x_wconf 84' lang='lat' dir='ltr'>ca·</span> <span class='ocrx_word' id='word_1_149' title='bbox 975 1500 979 1583; x_wconf 58' lang='lat'><em>2</em></span> <span class='ocrx_word' id='word_1_150' title='bbox 1003 1527 1211 1587; x_wconf 88' lang='lat' dir='ltr'>mnium,</span> <span class='ocrx_word' id='word_1_151' title='bbox 1249 1527 1394 1573; x_wconf 89' lang='lat' dir='ltr'>dives</span> <span class='ocrx_word' id='word_1_152' title='bbox 1416 1528 1469 1574; x_wconf 89' lang='lat' dir='ltr'>in</span> <span class='ocrx_word' id='word_1_153' title='bbox 1494 1540 1686 1585; x_wconf 84' lang='lat' dir='ltr'>omneS‚</span> 
     </span>
    </p>
   </div>
   <div class='ocr_carea' id='block_1_10' title="bbox 259 1595 1685 1675">
    <p class='ocr_par' dir='ltr' id='par_1_13' title="bbox 259 1595 1685 1675">
     <span class='ocr_line' id='line_1_39' title="bbox 259 1595 1685 1675; baseline 0.001 -32"><span class='ocrx_word' id='word_1_154' title='bbox 259 1609 399 1656; x_wconf 89' lang='lat' dir='ltr'>rum,</span> <span class='ocrx_word' id='word_1_155' title='bbox 447 1595 663 1656; x_wconf 89' lang='lat' dir='ltr'>justum,</span> <span class='ocrx_word' id='word_1_156' title='bbox 713 1595 945 1643; x_wconf 74' lang='lat' dir='ltr'>mansue·</span> <span class='ocrx_word' id='word_1_157' title='bbox 975 1616 979 1675; x_wconf 76' lang='grc' dir='ltr'>Ι</span> <span class='ocrx_word' id='word_1_158' title='bbox 1004 1598 1091 1656; x_wconf 93' lang='lat' dir='ltr'>qui</span> <span class='ocrx_word' id='word_1_159' title='bbox 1125 1597 1367 1644; x_wconf 81' lang='lat' dir='ltr'>invocant</span> <span class='ocrx_word' id='word_1_160' title='bbox 1399 1597 1560 1644; x_wconf 89' lang='lat' dir='ltr'>illum.</span> <span class='ocrx_word' id='word_1_161' title='bbox 1615 1596 1685 1645; x_wconf 89' lang='lat' dir='ltr'>O-</span> 
     </span>
    </p>
   </div>
   <div class='ocr_carea' id='block_1_11' title="bbox 261 1666 1690 1947">
    <p class='ocr_par' dir='ltr' id='par_1_14' title="bbox 261 1666 1690 1729">
     <span class='ocr_line' id='line_1_40' title="bbox 261 1666 1690 1729; baseline -0.001 -15"><span class='ocrx_word' id='word_1_162' title='bbox 261 1675 384 1726; x_wconf 87' lang='lat' dir='ltr'>tum,</span> <span class='ocrx_word' id='word_1_163' title='bbox 419 1674 467 1714; x_wconf 91' lang='lat' dir='ltr'>et</span> <span class='ocrx_word' id='word_1_164' title='bbox 501 1666 657 1728; x_wconf 90' lang='lat' dir='ltr'>pium.</span> <span class='ocrx_word' id='word_1_165' title='bbox 1002 1668 1136 1714; x_wconf 88' lang='lat' dir='ltr'>mnis</span> <span class='ocrx_word' id='word_1_166' title='bbox 1169 1669 1327 1728; x_wconf 90' lang='lat' dir='ltr'>enim,</span> <span class='ocrx_word' id='word_1_167' title='bbox 1377 1666 1690 1729; x_wconf 71' lang='lat' dir='ltr'>quicfimque</span> 
     </span>
    </p>

    <p class='ocr_par' dir='ltr' id='par_1_15' title="bbox 384 1736 1687 1873">
     <span class='ocr_line' id='line_1_41' title="bbox 519 1736 1687 1793; baseline -0.003 -6"><span class='ocrx_word' id='word_1_168' title='bbox 519 1747 711 1793; x_wconf 67' lang='lat' dir='ltr'>Oratio,</span> <span class='ocrx_word' id='word_1_169' title='bbox 1002 1737 1322 1784; x_wconf 65' lang='lat' dir='ltr'>invocaverit</span> <span class='ocrx_word' id='word_1_170' title='bbox 1361 1751 1549 1784; x_wconf 87' lang='lat' dir='ltr'>nomen</span> <span class='ocrx_word' id='word_1_171' title='bbox 1578 1736 1687 1784; x_wconf 77' lang='lat' dir='ltr'>Do-</span> 
     </span>
     <span class='ocr_line' id='line_1_42' title="bbox 384 1807 1499 1873; baseline -0.004 -14"><span class='ocrx_word' id='word_1_172' title='bbox 384 1815 646 1873; x_wconf 64' lang='lat' dir='ltr'>ajestatem</span> <span class='ocrx_word' id='word_1_173' title='bbox 677 1822 815 1862; x_wconf 84' lang='lat' dir='ltr'>tuam</span> <span class='ocrx_word' id='word_1_174' title='bbox 838 1813 945 1863; x_wconf 78' lang='lat' dir='ltr'>D6-</span> <span class='ocrx_word' id='word_1_175' title='bbox 1003 1808 1143 1867; x_wconf 88' lang='lat' dir='ltr'>mini,</span> <span class='ocrx_word' id='word_1_176' title='bbox 1178 1807 1353 1855; x_wconf 83' lang='lat' dir='ltr'>salvus</span> <span class='ocrx_word' id='word_1_177' title='bbox 1391 1808 1499 1855; x_wconf 90' lang='lat' dir='ltr'>erit.</span> 
     </span>
    </p>

    <p class='ocr_par' dir='ltr' id='par_1_16' title="bbox 390 1879 1688 1947">
     <span class='ocr_line' id='line_1_43' title="bbox 390 1879 1688 1947; baseline -0.001 -21"><span class='ocrx_word' id='word_1_178' title='bbox 390 1885 526 1931; x_wconf 85' lang='lat' dir='ltr'>mine</span> <span class='ocrx_word' id='word_1_179' title='bbox 544 1885 850 1947; x_wconf 74' lang='lat' dir='ltr'>suppliciter</span> <span class='ocrx_word' id='word_1_180' title='bbox 866 1899 946 1932; x_wconf 74' lang='lat' dir='ltr'>ex·</span> <span class='ocrx_word' id='word_1_181' title='bbox 1072 1879 1234 1923; x_wconf 71' lang='lat' dir='ltr'>1&lt;.b1-.</span> <span class='ocrx_word' id='word_1_182' title='bbox 1269 1879 1563 1926; x_wconf 76' lang='lat' dir='ltr'>constitues</span> <span class='ocrx_word' id='word_1_183' title='bbox 1597 1892 1688 1926; x_wconf 86' lang='lat' dir='ltr'>eos</span> 
     </span>
    </p>
   </div>
   <div class='ocr_carea' id='block_1_12' title="bbox 258 1947 1691 2571">
    <p class='ocr_par' dir='ltr' id='par_1_17' title="bbox 258 1947 1691 2438">
     <span class='ocr_line' id='line_1_44' title="bbox 261 1947 1685 2011; baseline -0.004 -10"><span class='ocrx_word' id='word_1_184' title='bbox 261 1955 496 2002; x_wconf 63' lang='lat' dir='ltr'>oramus:</span> <span class='ocrx_word' id='word_1_185' title='bbox 528 1961 584 2000; x_wconf 90' lang='lat' dir='ltr'>ut</span> <span class='ocrx_word' id='word_1_186' title='bbox 610 1954 742 2002; x_wconf 90' lang='lat' dir='ltr'>sicut</span> <span class='ocrx_word' id='word_1_187' title='bbox 766 1955 945 2003; x_wconf 70' lang='lat' dir='ltr'>Eccle·</span> <span class='ocrx_word' id='word_1_188' title='bbox 1001 1947 1685 2011; x_wconf 57' lang='lat' dir='ltr'>principesssSuperomnem</span> 
     </span>
     <span class='ocr_line' id='line_1_45' title="bbox 261 2020 1684 2073; baseline -0.001 -1"><span class='ocrx_word' id='word_1_189' title='bbox 261 2025 351 2072; x_wconf 82' lang='lat' dir='ltr'>siae</span> <span class='ocrx_word' id='word_1_190' title='bbox 382 2033 482 2072; x_wconf 90' lang='lat' dir='ltr'>tuae</span> <span class='ocrx_word' id='word_1_191' title='bbox 506 2025 687 2072; x_wconf 61' lang='lat' dir='ltr'>beatus</span> <span class='ocrx_word' id='word_1_192' title='bbox 710 2025 943 2073; x_wconf 74' lang='lat' dir='ltr'>Andreas</span> <span class='ocrx_word' id='word_1_193' title='bbox 1001 2026 1204 2067; x_wconf 87' lang='lat' dir='ltr'>terram.</span> <span class='ocrx_word' id='word_1_194' title='bbox 1260 2020 1570 2068; x_wconf 75' lang='lat' dir='ltr'>constitues.</span> <span class='ocrx_word' id='word_1_195' title='bbox 1616 2021 1684 2072; x_wconf 63' lang='lat' dir='ltr'>Y.</span> 
     </span>
     <span class='ocr_line' id='line_1_46' title="bbox 260 2088 1690 2157; baseline -0.003 -13"><span class='ocrx_word' id='word_1_196' title='bbox 260 2095 544 2157; x_wconf 78' lang='lat' dir='ltr'>Apostolus</span> <span class='ocrx_word' id='word_1_197' title='bbox 558 2095 945 2156; x_wconf 72' lang='lat' dir='ltr'>exstititpraedi-</span> <span class='ocrx_word' id='word_1_198' title='bbox 1001 2088 1255 2136; x_wconf 58' lang='lat' dir='ltr'>Mdmores</span> <span class='ocrx_word' id='word_1_199' title='bbox 1289 2098 1438 2138; x_wconf 84' lang='lat' dir='ltr'>erunt</span> <span class='ocrx_word' id='word_1_200' title='bbox 1462 2091 1690 2140; x_wconf 75' lang='lat' dir='ltr'>nominis</span> 
     </span>
     <span class='ocr_line' id='line_1_47' title="bbox 261 2159 1691 2228; baseline -0.003 -15"><span class='ocrx_word' id='word_1_201' title='bbox 261 2167 405 2213; x_wconf 62' lang='lat' dir='ltr'>cator</span> <span class='ocrx_word' id='word_1_202' title='bbox 427 2173 475 2213; x_wconf 88' lang='lat' dir='ltr'>et</span> <span class='ocrx_word' id='word_1_203' title='bbox 498 2173 693 2225; x_wconf 89' lang='lat' dir='ltr'>rector;</span> <span class='ocrx_word' id='word_1_204' title='bbox 713 2166 784 2213; x_wconf 85' lang='lat' dir='ltr'>ita</span> <span class='ocrx_word' id='word_1_205' title='bbox 806 2166 942 2228; x_wconf 84' lang='lat' dir='ltr'>apud</span> <span class='ocrx_word' id='word_1_206' title='bbox 1000 2160 1072 2205; x_wconf 89' lang='lat' dir='ltr'>tui</span> <span class='ocrx_word' id='word_1_207' title='bbox 1096 2159 1331 2208; x_wconf 79' lang='lat' dir='ltr'>Domine.</span> <span class='ocrx_word' id='word_1_208' title='bbox 1356 2161 1539 2223; x_wconf 86' lang='lat' dir='ltr'>Super.</span> <span class='ocrx_word' id='word_1_209' title='bbox 1567 2160 1691 2208; x_wconf 78' lang='lat' dir='ltr'>Glo-</span> 
     </span>
     <span class='ocr_line' id='line_1_48' title="bbox 260 2230 1599 2299; baseline 0.001 -20"><span class='ocrx_word' id='word_1_210' title='bbox 260 2242 308 2280; x_wconf 82' lang='lat' dir='ltr'>te</span> <span class='ocrx_word' id='word_1_211' title='bbox 351 2237 418 2281; x_wconf 87' lang='lat' dir='ltr'>sit</span> <span class='ocrx_word' id='word_1_212' title='bbox 450 2249 545 2296; x_wconf 90' lang='lat' dir='ltr'>pro</span> <span class='ocrx_word' id='word_1_213' title='bbox 576 2235 728 2283; x_wconf 80' lang='lat' dir='ltr'>nobis</span> <span class='ocrx_word' id='word_1_214' title='bbox 761 2237 942 2299; x_wconf 61' lang='lat' dir='ltr'>perpe·</span> <span class='ocrx_word' id='word_1_215' title='bbox 1000 2230 1075 2277; x_wconf 84' lang='lat' dir='ltr'>ria</span> <span class='ocrx_word' id='word_1_216' title='bbox 1098 2231 1255 2278; x_wconf 87' lang='lat' dir='ltr'>Patri.</span> <span class='ocrx_word' id='word_1_217' title='bbox 1291 2231 1599 2280; x_wconf 78' lang='lat' dir='ltr'>Constitues.</span> 
     </span>
     <span class='ocr_line' id='line_1_49' title="bbox 260 2301 1689 2357; baseline 0.006 -8"><span class='ocrx_word' id='word_1_218' title='bbox 260 2311 378 2349; x_wconf 89' lang='lat' dir='ltr'>tuus</span> <span class='ocrx_word' id='word_1_219' title='bbox 434 2305 756 2353; x_wconf 74' lang='lat' dir='ltr'>intercessor.</span> <span class='ocrx_word' id='word_1_220' title='bbox 841 2307 942 2355; x_wconf 90' lang='lat' dir='ltr'>Per</span> <span class='ocrx_word' id='word_1_221' title='bbox 1050 2307 1111 2357; x_wconf 60' lang='lat' dir='ltr'>Y.</span> <span class='ocrx_word' id='word_1_222' title='bbox 1134 2301 1303 2349; x_wconf 76' lang='lat' dir='ltr'>Nimis</span> <span class='ocrx_word' id='word_1_223' title='bbox 1314 2302 1689 2351; x_wconf 62' lang='lat' dir='ltr'>h0n0rfitisunt</span> 
     </span>
     <span class='ocr_line' id='line_1_50' title="bbox 258 2360 1688 2438; baseline 0.005 -24"><span class='ocrx_word' id='word_1_224' title='bbox 258 2371 537 2418; x_wconf 66' lang='lat' dir='ltr'>Dominum</span> <span class='ocrx_word' id='word_1_225' title='bbox 569 2382 818 2423; x_wconf 81' lang='lat' dir='ltr'>nostrum,</span> <span class='ocrx_word' id='word_1_226' title='bbox 974 2360 1153 2418; x_wconf 63' lang='lat' dir='ltr'>&#39;amici</span> <span class='ocrx_word' id='word_1_227' title='bbox 1183 2372 1257 2418; x_wconf 89' lang='lat' dir='ltr'>tui</span> <span class='ocrx_word' id='word_1_228' title='bbox 1288 2371 1445 2420; x_wconf 79' lang='lat' dir='ltr'>Deus,</span> <span class='ocrx_word' id='word_1_229' title='bbox 1498 2378 1556 2438; x_wconf 93' lang='lat' dir='ltr'><strong>R</strong></span> <span class='ocrx_word' id='word_1_230' title='bbox 1592 2373 1688 2422; x_wconf 91' lang='lat' dir='ltr'>Ni-</span> 
     </span>
    </p>

    <p class='ocr_par' dir='ltr' id='par_1_18' title="bbox 273 2437 1687 2571">
     <span class='ocr_line' id='line_1_51' title="bbox 333 2437 1687 2505; baseline 0.009 -25"><span class='ocrx_word' id='word_1_231' title='bbox 333 2437 414 2480; x_wconf 80' lang='lat' dir='ltr'>Fit</span> <span class='ocrx_word' id='word_1_232' title='bbox 450 2440 660 2483; x_wconf 70' lang='lat' dir='ltr'>cofflem.</span> <span class='ocrx_word' id='word_1_233' title='bbox 703 2440 860 2487; x_wconf 69' lang='lat' dir='ltr'>Feriae</span> <span class='ocrx_word' id='word_1_234' title='bbox 899 2445 948 2489; x_wconf 80' lang='lat' dir='ltr'>in</span> <span class='ocrx_word' id='word_1_235' title='bbox 975 2441 1095 2487; x_wconf 57' lang='lat' dir='ltr'>„mis</span> <span class='ocrx_word' id='word_1_236' title='bbox 1114 2440 1432 2489; x_wconf 57' lang='lat' dir='ltr'>confortatus</span> <span class='ocrx_word' id='word_1_237' title='bbox 1450 2451 1526 2490; x_wconf 89' lang='lat' dir='ltr'>est</span> <span class='ocrx_word' id='word_1_238' title='bbox 1541 2444 1687 2505; x_wconf 87' lang='lat' dir='ltr'>prin-</span> 
     </span>
     <span class='ocr_line' id='line_1_52' title="bbox 273 2497 1413 2571; baseline 0.002 -13"><span class='ocrx_word' id='word_1_239' title='bbox 273 2497 522 2542; x_wconf 64' lang='lat' dir='ltr'>Advemu·</span> <span class='ocrx_word' id='word_1_240' title='bbox 974 2510 1199 2571; x_wconf 49' lang='lat' dir='ltr'>&amp;cipatus</span> <span class='ocrx_word' id='word_1_241' title='bbox 1222 2512 1413 2560; x_wconf 81' lang='lat' dir='ltr'>eorum.</span> 
     </span>
    </p>
   </div>
   <div class='ocr_carea' id='block_1_13' title="bbox 975 1735 976 2256">
    <p class='ocr_par' dir='ltr' id='par_1_19' title="bbox 975 1735 976 2256">
     <span class='ocr_line' id='line_1_53' title="bbox 975 1735 976 2256; baseline 0 0"><span class='ocrx_word' id='word_1_242' title='bbox 975 1735 976 2256; x_wconf 95' lang='lat' dir='ltr'> </span> 
     </span>
    </p>
   </div>
  </div>
 </body>
</html>
